2924 4786
638 238 815 303 -25-

192 412 333 479 tationis
369 415 543 500 copiosius
578 415 732 500 exposui.
791 415 907 501 Atque
943 437 1063 482 eorum
1088 437 1262 503 quaenam

193 521 237 585 ad
262 520 429 586 Babrium
452 519 633 586 referenda
657 542 731 587 esse
755 543 817 607 pro
842 532 934 589 certo
959 521 1126 590 affirmari
1142 525 1262 610 possit,

194 649 288 693 nunc
312 628 504 693 rideamus.

197 734 263 800 rab.
289 736 326 798 4:

196 842 320 907 'Pisces
355 864 436 907 curn
460 843 611 928 piscator
634 842 779 928 quidam
802 852 874 910 rete
909 845 1065 930 cepisset,
1102 844 1169 923 alii,
1202 846 1264 929 qui

194 948 336 1033 quidem
372 951 470 1034 parvi
505 955 629 1027 essent,
666 949 811 1014 maculis
847 949 965 1037 elapsi,
997 951 1088 1016 elabi
1111 951 1169 1016 alii
1193 973 1263 1016 cor·-

195 1075 319 1140 porum
343 1056 585 1140 rrragnitudine
609 1055 776 1142 prohibiti
800 1061 903 1122 sunt)

196 1161 347 1228 Fabulae
361 1164 587 1229 subiunctum
600 1161 726 1246 legitur
736 1163 775 1228 in
791 1163 866 1228 cod.
880 1163 920 1229 A.
935 1165 1166 1251 epimpthium
1179 1166 1262 1231 hoe:

267 1270 298 1347 4,
312 1272 333 1333 6
373 1274 525 1354 σωτηρία
549 1271 626 1352 πώς
649 1270 799 1335 ἐστικαὶ
822 1276 939 1336 κακῶν
963 1270 1027 1354 ἔξω

374 1377 412 1442 τὸ
434 1378 557 1460 μικρὸν
581 1377 682 1442 εἶναι·
709 1376 769 1442 τὸν
791 1379 898 1460 μέγαν
922 1376 958 1443 ὸὲ
982 1383 1024 1462 τῇ
1048 1378 1129 1462 δόξῃ

373 1489 527 1567 σπανίως
550 1484 637 1566 ἴδοις
660 1481 703 1548 ἂν
726 1484 918 1568 ἐκφυγόντα
941 1483 1128 1567 κινδύνους.

196 1589 428 1657 Pulcherrima
470 1590 652 1656 cohaerere
695 1590 926 1677 epimythium
969 1613 1049 1656 curn
1084 1592 1135 1670 iis,
1172 1613 1264 1677 quae

196 1697 418 1776 antecedunt,
455 1705 560 1782 atque
591 1697 709 1783 eloqui
736 1699 944 1763 sententiam
967 1695 1107 1763 fabulae
1131 1699 1264 1784 aptissi-

197 1825 289 1869 mam
325 1812 360 1870 et
390 1803 652 1869 accomodatam
692 1805 770 1888 quis
805 1812 867 1882 est,
903 1805 965 1889 qui
1000 1808 1119 1889 neget!
1155 1806 1265 1890 Leges

197 1910 322 1977 ‹leinde
357 1911 517 1976 rrretricas
553 1909 743 1975 Babrianas
778 1918 930 1977 servatas
965 1933 1050 1990 esse,
1087 1914 1148 1997 qui
1184 1913 1266 1977 artis

198 2019 358 2083 metricae
400 2017 532 2103 peritus
567 2017 620 2096 sit,
661 2017 773 2101 primo
813 2015 882 2082 lere
925 2017 1052 2083 obtutu
1086 2019 1264 2103 intelliget.

200 2125 315 2190 Habes
339 2125 433 2190 enim
457 2123 673 2190 choliambos
697 2145 775 2189 vere
792 2123 994 2203 BabrianoS,
1011 2124 1148 2190 iambos
1165 2147 1266 2212 spon·

197 2231 269 2299 ‹leis
283 2241 316 2298 et
329 2238 519 2319 anapaesto
532 2231 749 2310 commixtos,
761 2229 870 2296 habes
884 2252 1062 2297 caesuram
1074 2231 1265 2315 legitimam

197 2339 519 2424 (penthemimeren,
544 2358 635 2423 qnae
658 2343 823 2423 vocatur).
872 2339 913 2404 ln
936 2338 1161 2424 paenultimis
1185 2362 1267 2406 vero

199 2466 362 2510 versuum
385 2446 406 2509 6
428 2454 462 2511 et
480 2447 509 2521 7,
521 2465 594 2510 nou
613 2452 674 2523 est,
693 2468 754 2511 cnr
769 2444 1001 2512 offendamus.
1042 2445 1266 2532 Quamquam

198 2552 292 2615 enim
334 2551 549 2636 paenultima
578 2574 697 2618 versus
736 2552 868 2639 syllaba
899 2552 1105 2637 plerumque
1140 2560 1267 2618 natura

199 2657 302 2741 longa
326 2664 377 2723 est
399 2659 437 2723 in
461 2658 665 2725 choliambis
682 2659 874 2737 Bebrianis,
899 2680 1013 2743 neque
1030 2666 1149 2723 tamen
1166 2658 1266 2724 ‹rubi-

199 2765 262 2829 tari
297 2772 420 2850 potest,
446 2766 532 2851 quin
556 2766 704 2832 Babrius
727 2766 899 2851 positione
923 2763 1065 2848 longam
1089 2766 1266 2831 interdum

199 2871 448 2956 paenultimam
473 2872 650 2939 admiserit
674 2871 728 2953 (cl.
754 2872 898 2951 Ficus,
915 2857 1011 2937 llber
1027 2871 1095 2937 den
1112 2871 1187 2936 Bau
1205 2872 1266 2938 des

197 2977 433 3059 griechischen
464 2980 700 3059 Choliambns,
732 2978 979 3045 insbesorulere
1003 2978 1089 3044 tiber
1113 2980 1181 3045 den
1206 2980 1267 3045 (les

198 3083 464 3152 babrianisehen
487 3086 726 3172 lipthiambus
751 3086 952 3169 [Rossbach
978 3084 1112 3153 Grieoh.
1132 3086 1265 3161 lletrik,

198 3191 342 3277 Leipzig
360 3193 468 3275 1889]‚
486 3213 563 3276 pag.
581 3192 669 3269 826).
711 3192 879 3280 Exempla
896 3194 989 3258 onim
1007 3201 1144 3259 exstant
1160 3194 1266 3259 huius

198 3300 246 3363 rei
281 3297 378 3363 haud
412 3299 461 3362 ita
495 3319 608 3383 pauca
643 3307 683 3364 ut
717 3298 811 3366 labb.
847 3301 952 3377 1,1ῑ);
985 3302 1015 3377 Ῑ,
1030 3301 1060 3378 2,
1073 3302 1104 3368 3,
1118 3323 1155 3369 o:
1185 3301 1266 3379 6,3;

202 3408 251 3481 16,
268 3407 297 3483 1,
310 3407 346 3482 6;
373 3405 424 3483 18,
439 3406 476 3473 7:
508 3405 560 3485 20,
573 3408 605 3485 4,
619 3406 657 3484 63
682 3406 735 3485 23,
749 3408 780 3486 3,
793 3409 824 3485 4,
839 3409 870 3483 ε’),
884 3407 904 3471 8
929 3406 996 3472 alia
1020 3406 1139 3472 multa.
1188 3406 1266 3473 Plu·

198 3514 276 3577 rimi
305 3512 410 3596 igitur
434 3513 497 3577 riri
524 3512 617 3578 docti
640 3535 759 3580 versus
782 3514 859 3581 illos
883 3513 1010 3580 Bebrio
1035 3514 1268 3580 attribuerunt

200 3619 335 3685 Hoehio
360 3630 392 3684 ot
416 3619 629 3685 Eberhardio
659 3624 819 3706 exceptis,
845 3623 906 3706 qui
929 3619 1183 3706 interpolatoris
1208 3640 1267 3686 cos

199 3749 272 3791 esse
307 3728 478 3792 sententia
514 3725 743 3792 derrrorrstrari
778 3735 988 3793 censuerunt
1016 3729 1167 3809 σωτηρία
1191 3727 1268 3807 πώς

199 3833 269 3898 ἐστι
298 3835 354 3898 καὶ
383 3839 500 3899 κακῶν
527 3833 591 3917 ἔξω
617 3832 655 3898 τὸ
677 3834 800 3916 μικρὸν
823 3835 919 3912 εἶναι,
943 3835 979 3898 in
1005 3853 1075 3918 qua
1099 3834 1267 3896 semrouis

199 3954 370 4006 concentu
400 3943 630 4026 requireretur
660 3949 721 4005 ant
746 3943 914 4025 σωτήριον
944 3961 1006 4026 pro
1031 3942 1182 4023 σωτηρία
1205 3947 1269 4004 aut

200 4046 290 4132 αύζα
314 4068 376 4134 pro
401 4047 465 4130 ἔξω
490 4048 544 4131 (cl.
569 4048 680 4127 Hor-h,
700 4046 743 4112 ‹lo
767 4048 907 4114 Babrii.
928 4100 933 4112 .
954 4099 959 4111 .
984 4067 1062 4134 pag.
1090 4046 1140 4124 17,
1165 4045 1266 4113 Ebor-
