2924 4786
608 301 787 364 -55-

161 480 220 543 ὑπ’
246 479 448 560 ἀνθρώπων
472 477 593 561 πάθῃς
616 478 702 564 κτλ.)
751 477 867 563 Atque
903 479 1054 564 primum
1090 478 1232 563 quidem

166 584 381 650 Boissonadii
425 587 660 650 coniecturam
696 585 739 649 W
741 586 835 662 eisi0,
872 585 1230 670 (trellio-Baiteroque,

163 693 364 769 PasseratiO,
402 692 548 776 Bergkio
577 692 760 777 probatam
795 691 957 777 equidem
993 692 1079 757 mihi
1113 692 1233 757 videor

164 820 263 884 posse
288 798 494 864 confirmare
530 798 698 885 exemplis
728 798 799 863 his:
835 798 957 864 Aeseh.
984 799 1095 864 Prom
1120 821 1151 863 v.
1177 800 1229 877 92,

164 906 316 991 Choeph.
353 906 428 970 413.
473 906 573 970 Eum.
610 906 682 970 100,
728 905 832 992 Soph.
866 906 951 971 Phil.
986 906 1080 971 1343.
1124 906 1229 971 Hero·

163 1012 233 1078 dot.
258 1012 283 1090 Ι,
302 1014 353 1077 ta.
380 1012 437 1089 ΙΙΙ,
455 1014 509 1090 65,
524 1015 574 1077 74.
593 1014 680 1087 sim,
698 1035 716 1076 e
734 1013 862 1097 quibus
883 1015 1064 1099 scriptores
1081 1013 1230 1078 Graecos

161 1119 266 1184 verbo
291 1140 373 1184 usos
397 1123 538 1202 πάσχειν
562 1119 681 1185 solitos
706 1119 811 1185 fuisse
835 1129 1000 1206 appareat
1024 1122 1112 1203 πρός
1135 1141 1229 1205 prae·

161 1227 370 1311 positionem
386 1247 448 1312 pro
471 1228 538 1292 ὑπό
555 1226 737 1312 ponere.9⁹)
776 1227 1095 1313 Praepositionibus
1111 1236 1229 1292 autem

161 1332 414 1416 significatione
438 1333 610 1399 similibus
627 1356 647 1399 a
664 1334 802 1399 librario
827 1336 1048 1400 commutatis
1067 1332 1228 1419 perfacile

161 1442 282 1506 vitium
308 1443 490 1508 metricum
514 1444 668 1527 potuisse
692 1444 787 1507 irasci
811 1465 891 1507 oum
913 1465 953 1508 ex
971 1441 1046 1507 aliis
1063 1440 1228 1527 exemplis

159 1547 369 1633 intellegitur
393 1556 468 1614 tum
493 1571 536 1614 ex
559 1547 627 1614 fab.
655 1550 696 1614 70
721 1550 920 1635 opirnythi0,
947 1550 1045 1614 ouius
1067 1548 1227 1614 deversa

158 1657 178 1718 Ἰ
203 1654 369 1725 conferas.
395 1676 534 1741 quaese,
560 1678 649 1741 quae
674 1678 778 1741 supra
793 1678 871 1742 pag.
885 1656 928 1720 20
944 1654 1056 1721 fusius
1072 1657 1225 1741 exposui.

159 1763 279 1847 Neque
316 1784 395 1828 vero
431 1772 492 1842 est,
529 1785 590 1828 cur
624 1764 712 1845 πρός
746 1762 892 1828 scribere
916 1763 949 1827 h.
967 1762 987 1827 l.
1014 1762 1225 1839 dubitemus,

158 1871 241 1954 quia
265 1872 301 1935 in
325 1893 426 1935 versu
454 1872 494 1934 lll
519 1869 593 1935 cod.
619 1870 658 1934 A.
681 1870 841 1935 exhibeat
865 1871 929 1935 ὑπ’
956 1872 1097 1936 οἰκείων.
1135 1870 1225 1934 Non-

158 1999 342 2061 nunquam
367 1979 459 2043 enim
485 1976 534 2045 fit.
560 1988 597 2042 ut
624 1977 746 2042 eodem
771 1976 873 2062 plane
897 1977 1002 2041 modo
1027 1985 1131 2061 atque
1156 1976 1223 2041 h.l.

157 2105 220 2169 pro
244 2085 388 2169 repetita
413 2083 534 2148 eadem
559 2085 814 2170 praepositione
838 2093 989 2169 ponatur
1016 2085 1224 2169 praepositio

157 2189 411 2274 significatione
436 2190 564 2256 similis.
613 2190 843 2257 Conferantur
867 2199 994 2268 autem,
1024 2213 1113 2275 quae
1139 2189 1224 2254 dixit

155 2298 345 2383 Sophocles
369 2300 405 2364 in
429 2299 549 2364 Trach.
575 2321 606 2363 v.
626 2299 705 2364 150:
731 2298 839 2381 πρὸς
862 2303 932 2364 τῶν
954 2297 1139 2363 θανόντων
1161 2320 1224 2381 μη-

155 2404 254 2487 ὸενὸς
287 2405 410 2471 ’θανεῖν
433 2406 525 2472 ὕπο.
552 2448 592 2454 -
616 2406 793 2472 Duebneri
829 2404 954 2471 deindo
990 2406 1222 2470 coniecturam

155 2512 275 2596 πάθῃς
298 2514 546 2578 Lachmamms
570 2522 602 2579 et
628 2513 912 2579 Schneidewinus
949 2515 985 2577 in
1021 2521 1221 2578 contextum

155 2629 366 2705 receperunt,
407 2622 584 2704 castigavit
621 2621 810 2706 Machlyus.
860 2618 1067 2685 Ostendebat
1105 2629 1221 2684 autem

155 2727 190 2789 in
216 2749 244 2791 τι
270 2738 312 2801 tr.
341 2729 405 2810 lb),
441 2727 536 2812 quod
571 2740 648 2813 post
686 2727 785 2792 οὐὸὲν
809 2729 844 2791 in
868 2749 898 2791 r.
925 2728 945 2789 9
970 2726 1097 2791 durum
1133 2738 1219 2791 esset

155 2844 259 2918 atque
284 2835 461 2900 insolitum
499 2834 531 2909 tl.
557 2834 577 2899 l.
604 2857 634 2921 p.
661 2835 748 2911 322).
797 2834 968 2918 Equidem
1005 2855 1220 2918 quamquam

155 2940 313 3026 Illaehlyo
338 2963 409 3006 non
433 2941 536 3027 plane
561 2943 738 3021 assentior,
775 2942 939 3025 quoniam
966 2939 1041 3005 fieri
1075 2949 1220 3026 poterat,

156 3060 192 3111 ut
232 3070 261 3112 τι
301 3047 542 3114 adverbialiter·
580 3056 766 3135 poneretur
804 3047 893 3125 t'auf
931 3049 1052 3132 irgend
1091 3047 1220 3114 welche

154 3154 277 3223 lll'eise,
303 3154 498 3238 irgendwie,
524 3159 646 3232 etwa‘).
671 3166 789 3221 tamen
808 3156 1023 3221 Boissonadii
1048 3157 1219 3221 coniectu-

153 3282 236 3333 ram,
263 3283 369 3345 (quam
387 3259 609 3327 confirmasse
630 3263 716 3328 mihi
732 3263 860 3342 videor,
877 3262 1042 3327 leniorem
1061 3264 1218 3327 existimo

152 3377 186 3431 et
211 3367 477 3452 probabiliorem
502 3390 608 3453 quam
633 3369 727 3434 illam
745 3371 929 3435 Duebneri.
978 3369 1046 3434 Sed
1071 3379 1218 3433 matres

153 3496 188 3536 se
212 3475 327 3542 habet.
365 3476 435 3539 sive
460 3477 547 3558 πρός
571 3478 774 3562 scripturam
799 3476 975 3562 archetypi
1011 3475 1116 3540 fuisse
1147 3476 1217 3538 sire

151 3581 271 3665 πάθῃς
295 3582 529 3653 maluerimus,
556 3582 665 3648 multo
690 3606 763 3647 esse
781 3583 997 3648 verisimilius
1029 3583 1217 3648 coneeden-

152 3687 237 3753 dum
262 3690 322 3754 erit
337 3689 611 3775 productionem,
626 3711 715 3773 quae
733 3689 899 3769 videatur,
916 3692 1075 3756 vitiosam
1090 3690 1216 3754 librarii

152 3796 280 3860 mendo
319 3805 472 3861 exortam
513 3820 586 3860 esse
633 3818 737 3881 quam
786 3798 1038 3882 interpolatoris
1084 3796 1214 3860 fraude.

151 3903 272 3988 Itaque
297 3925 368 3967 non
393 3903 515 3971 habeo,
541 3925 601 3967 em·
625 3903 854 3988 epimythium
880 3925 984 3967 sensu
1009 3914 1039 3967 et
1059 3924 1216 3967 sermone

150 4008 446 4094 elegantissimum
471 4034 490 4075 a
518 4010 640 4075 llabrio
665 4009 870 4074 abiudieem.

256 4114 292 4205 ej
311 4136 348 4189 (ν.
370 4136 451 4202 rapu
473 4137 528 4190 ux.
549 4138 605 4190 vot.
626 4138 662 4193 11,
683 4152 746 4202 pag.
767 4134 827 4199 72⁸,
848 4154 872 4189 ν,
