2924 4786
611 291 789 356 ..39-

166 474 263 550 Quae
299 490 380 534 oum
415 469 463 534 ita
500 470 578 545 sint,
615 469 848 555 epimythiunr
883 471 952 537 lab.
983 472 1023 536 21
1050 471 1095 538 ad
1118 474 1234 558 ipsum

167 576 333 642 Babriunr
357 574 578 641 referendum
603 599 677 643 esse
701 598 763 663 pro
788 584 880 643 certo
904 575 1159 644 allinnaverinr.

167 683 234 748 lab.
261 684 313 747 23.

169 788 359 854 'llubulcua
393 791 484 855 tauri
518 791 556 854 in
591 790 676 857 silva
712 791 829 856 amissi
863 788 976 856 iurem
1012 813 1082 877 quo
1119 791 1235 896 depre-

170 896 309 971 hendat,
346 917 476 980 agnum
506 904 609 963 vovet
639 898 776 963 rusticis
804 897 1018 963 numinibus.
1067 897 1236 985 Superato

169 1002 254 1066 colle
285 1004 322 1067 in
349 1011 490 1069 taurum
514 1003 646 1082 incidit,
683 1005 805 1089 quiin
829 1024 870 1069 eo
899 1010 960 1082 eat,
997 1011 1037 1070 ut
1060 1004 1104 1070 ab
1136 1005 1236 1071 leone

170 1110 360 1176 devoretur.
397 1111 471 1176 lam
488 1110 594 1176 boves
618 1118 729 1190 vovet,
755 1130 827 1196 quo
851 1108 996 1195 effugiat
1020 1109 1154 1176 furenn'

173 1216 322 1283 Fabulae
347 1217 579 1304 epimpthium
603 1219 640 1282 in
665 1218 739 1283 cod.
764 1216 804 1282 Α.
829 1216 896 1282 hoc
919 1217 1060 1301 legitur:

203 1325 290 1395 2:3,9
326 1324 487 1391 ἐντεῦθεν
509 1325 602 1409 ἡμᾶς
625 1328 716 1390 τοῦτ’
741 1323 829 1390 ἔοικε
851 1325 1036 1407 γινώσκειν,

326 1430 476 1515 ἄβουλον
500 1431 602 1516 εὐχὴν
625 1438 699 1513 τοῖς
721 1430 836 1496 θεοῖσι
857 1432 905 1514 μὴ
930 1433 1076 1514 πέμπειν

326 1539 364 1603 ἐκ
386 1544 448 1623 τῆς
471 1538 559 1621 πρὸς
583 1537 678 1620 ὥραν
701 1538 960 1622 ἐκφορονμένης
982 1537 1104 1623 λύπης.

172 1647 266 1727 Quos
289 1666 409 1711 versus
424 1645 651 1711 Duebnerum
676 1646 786 1711 secuti
810 1665 931 1710 omnes
946 1643 1017 1711 lere
1032 1647 1239 1711 recentiores

172 1752 319 1817 editores
344 1753 479 1838 spurios
503 1775 576 1817 ease
593 1752 852 1829 iudicaverunt;
878 1773 1094 1838 quamquam
1111 1745 1240 1839 quibus

172 1860 284 1923 causis
323 1861 488 1924 commoti
523 1859 754 1945 epimpthium
792 1857 918 1923 Babr'io
954 1858 1238 1935 abiudicaverint,

174 1985 286 2049 neque
322 1963 571 2047 Duebnerusffi)
607 1986 721 2050 neque
756 1963 806 2029 illi
829 1972 1075 2051 exposuerunt.
1124 1965 1240 2030 Secuti

174 2070 277 2152 igitur
299 2070 462 2136 videntur
496 2093 569 2136 esse
605 2071 720 2137 aolum
744 2092 849 2136 auum
878 2072 1035 2157 ipsorum
1059 2072 1240 2137 arbitrium

173 2187 278 2262 atque
303 2176 528 2257 voluntatem,
565 2178 662 2264 quod
697 2199 804 2264 quam
838 2176 1012 2244 lubricum
1041 2179 1144 2244 sitin
1169 2186 1240 2244 arte

173 2285 289 2349 critica
311 2281 503 2349 lectitanda
525 2287 596 2350 iam
619 2286 657 2350 in
680 2286 859 2372 prooemio
881 2285 982 2371 quasi
997 2283 1103 2351 huius
1120 2284 1240 2351 ‹haser-

173 2391 314 2455 tationia
337 2392 468 2455 monui.
517 2392 645 2458 Contra
669 2391 827 2457 Hochiua
851 2412 991 2457 causam
1016 2392 1241 2477 exquisitiaao

174 2497 239 2562 eibi
263 2497 446 2563 ridebatur
469 2519 556 2577 earn,
581 2520 623 2563 ex
647 2520 717 2584 qua
739 2499 970 2585 epimythium
986 2497 1241 2584 interpolatoris

174 2625 247 2669 (aaa
283 2612 472 2690 appareret.
532 2605 707 2671 Haerebat
741 2606 835 2669 enim
859 2606 896 2669 in
920 2626 1003 2671 voce
1028 2604 1125 2678 ἔοικε,
1151 2624 1241 2688 quae

175 2714 257 2775 'non
275 2709 411 2789 Babrii',
431 2712 544 2796 lnquit·
565 2715 654 2796 (pag.
673 2710 738 2794 26),
758 2713 829 2791 ‘est
847 2711 988 2796 qualem
1005 2734 1048 2776 ex
1063 2711 1242 2797 prooemio

176 2818 337 2882 novimus
372 2819 444 2883 auia
478 2818 610 2902 ingenii
637 2817 769 2883 viribus
804 2815 978 2882 conlisum
1017 2816 1079 2882 sed
1113 2818 1242 2903 epimy-

175 2925 301 2990 tlristae
326 2924 369 2990 de
392 2946 456 2991 aua
479 2926 589 3011 ipsius
612 2946 648 2990 re
663 2925 796 3004 incerti,
814 2925 872 2989 cui
888 2925 1048 3009 quamvis
1064 2923 1243 2989 modestia-

176 3033 263 3096 simo
297 3033 518 3118 ineptiarum,
548 3052 635 3117 quas
670 3031 768 3096 haud
792 3031 898 3096 semel
922 3029 1050 3096 labulia
1074 3030 1241 3116 appinxit.

177 3139 277 3203 venia
311 3159 383 3204 non
419 3138 536 3204 danda
571 3142 643 3203 eat'
703 3137 771 3203 Sed
801 3158 930 3216 vereor,
955 3159 999 3202 ne
1023 3137 1181 3202 Hoohius
1205 3144 1244 3200 ut

176 3266 312 3331 semper
346 3244 416 3311 lere
451 3247 487 3310 in
523 3245 724 3332 epitnpthiia
753 3242 987 3310 diiudicandis
1010 3241 1077 3308 hoc
1102 3262 1243 3328 quoque

176 3350 252 3416 loco
276 3351 422 3417 modum
438 3353 627 3430 transierit;
652 3351 739 3418 ἔοικε
756 3353 849 3440 onim
866 3370 939 3415 non
956 3348 1070 3414 solum
1088 3347 1243 3414 ‘videtur'

177 3481 250 3523 esse
274 3459 336 3524 aed
360 3460 559 3545 saepissime
583 3460 687 3524 etiam
713 3462 999 3524 ‘consentaneum
1023 3461 1086 3535 eet,
1103 3475 1167 3541 par
1183 3457 1243 3519 eat-³

177 3565 234 3628 vix
258 3585 347 3650 opus
370 3575 421 3632 eat
444 3564 640 3648 monerem)
687 3564 800 3630 Verba
836 3565 940 3648 igitur
968 3583 1058 3648 quae
1082 3561 1246 3644 leguntur

284 3759 318 3825 ⁷5)
338 3763 410 3814 satia
434 3763 537 3814 habuit
558 3763 577 3816 l.
596 3763 613 3813 l.
634 3777 698 3828 pag.
719 3760 753 3813 ab
782 3760 909 3811 scribere
938 3759 1049 3810 'verena
1068 3755 1154 3809 9-11
1185 3770 1244 3806 non

178 3856 248 3902 aunt
266 3851 386 3906 Babril'.

285 3937 319 3994 ²⁰)
340 3943 375 3994 cl.
396 3942 588 4009 Stepl1.thea.
610 3941 680 4007 ling.
701 3939 803 3991 Graec.
824 3938 881 3990 vol.
902 3936 954 4001 111,
975 3935 1031 3987 col.
1051 3933 1110 3987 231.
1131 3965 1161 3971 --
1194 3936 1246 3987 lfa·

178 4039 273 4082 urrann
294 4032 353 4084 ianr
372 4033 451 4086 brev.
472 4032 577 4098 explic.
598 4037 701 4083 auctor
719 4029 819 4080 locum
843 4031 921 4079 recte
951 4025 1162 4090 interpretatus
1189 4028 1246 4076 eet:

179 4119 263 4175 ἰὀικι
284 4127 519 4174 consentaneum
538 4127 590 4183 eat,
611 4120 631 4171 il
652 4127 695 4171 eat
716 4117 842 4171 natural*
862 4118 939 4182 (pag.
961 4111 1014 4166 18).
