2924 4786
639 316 683 322 .-
707 277 749 341 7ss

195 479 272 520 rum
307 456 400 539 leges
432 477 583 520 servasse
619 477 699 519 eum
718 444 940 532 'Graecorum
965 456 1168 520 coniunctas
1203 456 1262 529 ita

196 573 234 631 ut
259 564 369 628 multo
395 564 503 645 magis
529 562 740 627 Graecorum
775 562 868 645 leges
897 563 1055 627 metricas
1079 563 1264 648 respiceret

196 693 303 756 quam
331 671 578 734 [tertianorum.
626 668 732 733 Plane
757 669 966 752 igitu1·jFieo
991 670 1168 748 assentior,
1202 672 1261 753 qui

196 777 360 842 Balniunr
399 777 613 863 (praesertim
648 798 729 840 curn
769 783 803 840 et
838 777 874 839 in
910 777 1021 861 primo
1057 776 1146 862 pede
1182 799 1261 841 ana-

194 897 355 970 paestum
391 884 492 968 longe.
517 884 655 969 saepius
680 882 876 947 admitteret
901 904 1007 967 quam
1032 885 1134 948 ceteri
1159 885 1261 949 (irae-

195 1013 315 1056 eorum
351 989 685 1076 eholiambographi)
725 1010 996 1074 nonnumquam
1032 998 1259 1074 anapaestum

195 1099 298 1162 etiam
324 1100 360 1161 in
385 1098 491 1161 attere
515 1096 569 1161 vel
594 1104 718 1181 quarto
748 1118 867 1161 versus
890 1096 978 1182 pede
1003 1097 1160 1180 posuisse
1185 1120 1261 1162 cen-

195 1206 265 1270 suit
301 1218 344 1279 et,
371 1225 458 1289 quos
483 1211 690 1287 anapaestos
724 1205 762 1270 in
798 1210 963 1269 contextu
998 1205 1137 1268 retineri
1160 1225 1261 1290 posse

194 1313 413 1383 existimarit,
439 1330 497 1374 eos
514 1312 819 1376 commentationis
844 1311 982 1395 saepius
1005 1311 1076 1374 iam
1099 1310 1260 1377 laudatae

194 1441 271 1503 pag.
298 1420 362 1482 832
381 1416 596 1500 ‹·ontuiit.¹³³⁵³)
642 1417 891 1482 Lachmannus
909 1437 998 1495 vere,
1016 1416 1260 1490 Eberhardius,

194 1527 338 1590 (fiursius
363 1524 510 1589 editores
535 1523 621 1607 quid
644 1523 710 1587 hae
735 1523 777 1588 de
795 1546 829 1587 re
848 1522 1122 1602 diiudicaverint,
1140 1526 1260 1609 paucis

194 1652 466 1696 eonnnemorarc
491 1651 579 1714 opus
604 1640 664 1695 est.
713 1629 828 1715 Atque
855 1630 1016 1694 Crusiurn
1044 1630 1196 1715 quidem,
1223 1640 1261 1696 ut

194 1739 237 1802 ab
263 1760 303 1802 eo
328 1739 503 1823 incipiam,
528 1758 653 1821 parum
689 1737 755 1802 sibi
779 1738 973 1803 constitisse
1008 1738 1047 1801 in
1077 1738 1261 1824 propatulo

194 1851 253 1909 est.
303 1845 389 1908 (funi
416 1845 510 1908 enim
535 1844 600 1909 hoe.
624 1842 694 1912 tab.
720 1846 773 1922 85,
800 1868 828 1910 v.
856 1844 898 1908 20
934 1852 1123 1930 anapaesto
1157 1846 1259 1910 inter-

195 1951 359 2036 polatoris
396 1951 554 2016 fraudem
596 1954 737 2035 coargui
777 1952 1000 2017 arbitraretur
1040 1949 1093 2035 (ei.
1131 1952 1258 2036 proleg.

194 2059 384 2135 XXXVII),
422 2058 488 2123 alio
524 2059 599 2124 loeo
636 2059 678 2123 de
715 2059 912 2144 anapaestis
940 2064 1074 2143 praeter
1108 2059 1259 2143 primum

194 2165 317 2250 pedem
345 2166 570 2231 admittendis
595 2166 709 2232 adhuc
740 2166 804 2231 sub
828 2166 942 2231 iudice
968 2164 1063 2231 litem
1087 2186 1160 2230 esse
1184 2187 1259 2251 pro-

196 2272 306 2337 tessus
331 2273 470 2357 (proleg.
497 2273 644 2355 XXXV)
671 2280 877 2359 anapaestos
901 2273 977 2337 illos

194 2377 262 2442 tab.
290 2381 341 2459 18,
358 2380 398 2442 13
423 2381 485 2462 τὴν
510 2383 651 2459 σίσυραν

289 2488 391 2564 ms
423 2486 573 2568 ἀνεῳγός

289 2595 375 2668 ets>
424 2598 472 2674 τῷ
497 2597 567 2657 τῶν
593 2592 754 2676 Ἀράβων

290 2701 376 2778 882
423 2701 517 2764 κύων
541 2700 681 2765 ἐδίωκεν

290 2808 398 2881 72,20
423 2806 636 2888 κορυὸαλλός

289 2915 376 2981 ῖῖ).8
425 2914 464 2978 οὐ
490 2919 677 2978 orrannum]

193 3018 228 3080 in
249 3026 412 3084 contextu
426 3020 568 3083 retinuit
584 3021 822 3104 concessitque
836 3020 987 3085 dubitari
999 3041 1110 3105 posse,
1124 3029 1259 3086 rectem

195 3126 409 3208 corrigantur
433 3125 488 3189 alii
514 3127 691 3209 anapaesti
718 3134 756 3191 ut
783 3127 832 3204 10,
849 3129 889 3191 12
915 3129 1027 3210 τούτῳ
1057 3127 1258 3211 κεχόλωμαι.

193 3253 300 3316 quam
325 3232 509 3297 lectionem
545 3232 619 3296 eod.
646 3232 674 3295 Α
715 3235 844 3319 optime
869 3242 1039 3298 serratam
1076 3256 1149 3299 esse
1174 3235 1257 3299 mihi

193 3340 494 3423 persuasissinuun
530 3345 590 3403 est.
640 3339 747 3403 Simili
781 3340 906 3405 deinde
942 3340 1047 3404 modo
1072 3363 1091 3405 a
1116 3364 1151 3405 se
1186 3342 1259 3427 ipse

194 3445 355 3510 dissensit
405 3444 645 3522 Eberhardius,
676 3447 736 3530 qui
772 3468 852 3511 eum
889 3449 924 3510 in
964 3446 1126 3512 <ditionis
1165 3469 1259 3534 prae-

195 3550 321 3616 fatione
359 3556 448 3636 (pag.
476 3551 534 3634 IV)
570 3551 736 3616 'Babrium
773 3562 1002 3639 anapaestum
1038 3554 1073 3618 in
1111 3556 1257 3640 primam

193 3657 309 3722 sedern
347 3659 536 3724 admisisse,
574 3679 645 3723 non
670 3660 849 3725 admisisse
889 3662 925 3724 in
955 3667 1083 3725 ceteras
1120 3669 1258 3726 eonten-

299 3834 487 3897 ¹ffl¹tsi1niliter
497 3838 551 3889 hae
563 3837 599 3889 de
611 3840 784 3904 quaestione
796 3838 1050 3891 diiudicareruut:
1063 3839 1259 3892 Selmeiderus

192 3941 256 3988 tuta.
277 3925 336 3985 5231.
365 3927 554 3978 Hermannus
583 3943 648 3992 pag.
668 3928 728 3993 820,
759 3927 1002 3980 Satnieidewinus
1032 3927 1177 3996 (Gotting
1204 3931 1259 3994 gel.

191 4013 277 4081 Ana.)
297 4031 361 4079 pan.
381 4016 422 4081 19,
442 4016 593 4067 Nauekius
614 4034 688 4070 mus.
708 4017 802 4070 R-hen.
816 4018 873 4071 rol.
887 4018 935 4075 rt,
955 4033 1019 4082 pag.
1034 4016 1094 4079 uso,
1115 4018 1259 4083 Bergkins

192 4117 320 4166 prooem.
342 4110 412 4156 aest.
433 4121 495 4170 paiz.
517 4105 564 4167 iv,
586 4106 744 4156 Wennnus
765 4107 781 4157 l.
803 4108 820 4159 1.
840 4122 904 4173 pag.
926 4105 966 4158 19.
