2924 4786
638 289 681 296 -
705 249 747 312 20

194 435 250 492 tur
280 428 385 492 huius
415 425 554 492 fabulae
580 426 830 512 pulcherrimae
856 429 874 492 'l
901 449 981 493 cum
1005 447 1079 491 non
1104 447 1175 491 uno
1200 448 1260 490 no-

195 535 288 599 mine
319 533 508 620 displiceat,
541 540 743 618 corruptum
774 554 848 598 esse
879 533 1168 598 verisimillimum
1199 542 1259 598 est.

195 640 272 722 Qua
295 662 376 707 vero
399 641 529 706 librarii
552 639 680 705 menda
696 661 815 705 versus
838 639 895 704 ille
920 646 1009 705 certe
1034 639 1079 705 ad
1095 639 1259 705 Babrium

195 747 396 814 referendus
438 755 620 832 corruptus
663 747 716 825 sit,
759 767 832 812 non
875 744 1016 811 difficile
1055 754 1170 832 potest
1205 747 1261 811 de-

196 856 381 921 monstrari
409 861 513 939 atque
544 855 659 932 miror,
692 853 788 937 quod
812 873 902 938 quae
926 853 964 916 in
987 875 1089 918 versu
1112 853 1172 918 illo
1197 853 1262 918 dis-

196 961 356 1048 pliceant,
380 961 510 1026 librarii
534 982 617 1037 esse,
643 980 716 1024 non
740 960 858 1025 Babrii
876 959 967 1025 viros
992 958 1112 1025 doctos
1129 959 1261 1044 effugit.

196 1067 449 1134 coenantibus
485 1068 579 1132 enim
615 1065 724 1131 oculis
759 1065 808 1147 (id
844 1065 941 1151 quod
979 1087 1081 1151 saepe
1116 1066 1264 1132 librariis

196 1173 360 1239 accidisse
397 1181 544 1257 constat)
581 1172 709 1238 codicis
738 1172 778 1237 A.
815 1172 994 1237 librarium
1030 1173 1087 1237 ἐπέ
1113 1181 1147 1239 et
1177 1174 1265 1256 πρός

196 1281 337 1347 voculas
371 1282 409 1346 in
436 1280 549 1345 verbis
581 1279 759 1365 archetypi
789 1278 978 1362 προσέλθοι
1013 1286 1047 1344 et
1075 1280 1264 1362 ἐπιγελῶσο

198 1395 429 1454 commutasse
465 1388 552 1453 mihi
587 1393 638 1452 est
664 1387 977 1472 persuasissimum.
1025 1386 1264 1472 Archetypum

198 1517 278 1562 vero
302 1496 408 1563 verba
438 1495 497 1560 illa
528 1491 718 1575 προσέλθοι
745 1501 778 1558 et
802 1492 1000 1575 έπιγελῶσο,
1026 1514 1099 1557 non
1123 1493 1266 1559 ἐπέλθοι

198 1610 233 1668 et
256 1603 479 1685 προσγελῶσο
502 1600 703 1687 praebuisse
724 1600 965 1665 testimonium
981 1605 1093 1665 exstat
1109 1601 1264 1685 gravissi-

199 1730 307 1788 mum,
332 1708 551 1794 paraphrasis
567 1704 812 1791 Bodleianaff’)
858 1707 950 1771 Eum
967 1708 1071 1787 enim,
1094 1708 1156 1792 qui
1170 1706 1263 1772 illam

200 1815 411 1900 conseripsit,
426 1814 604 1900 archetypi
620 1814 825 1900 scripturam
842 1814 1033 1898 προσέλθοι
1049 1821 1129 1879 ante
1147 1814 1265 1880 oculos

199 1922 373 2002 habuisse,
410 1942 482 1987 non
518 1942 625 2006 quam
661 1921 771 1987 codex
800 1920 840 1986 A.
872 1921 1016 2008 praebet
1047 1920 1198 1999 ἐπέλθοι,
1225 1942 1266 1985 ex

201 2030 369 2115 scriptura
392 2029 613 2116 paraphrasis
637 2028 847 2093 Bodleianae
872 2026 1029 2111 προέλθῃ
1047 2048 1158 2093 errore
1176 2033 1266 2092 certe

200 2157 262 2223 pro
286 2135 464 2221 προσέλθῃ
489 2137 615 2221 scripte
640 2136 695 2219 (de
728 2155 798 2220 qua
822 2132 1027 2199 confusione
1053 2132 1093 2197 ef.
1120 2134 1266 2197 Ruther-

199 2241 286 2309 ford.
310 2243 436 2308 introd.
461 2264 539 2328 pag.
565 2241 688 2324 XCIV)
712 2238 866 2321 intellegi
889 2244 1013 2324 potest,
1030 2238 1067 2302 id
1084 2238 1263 2322 quodiam

200 2348 369 2432 Bergkius
403 2347 541 2412 videtur
576 2342 816 2428 corriecisse.4⁴)
881 2343 1115 2426 Προσγελῶσο
1149 2352 1268 2411 tamen

202 2457 370 2542 scriptura
399 2455 437 2518 in
469 2459 634 2518 contextu
657 2458 791 2517 retenta
816 2450 902 2516 dura
926 2450 1041 2518 evadit
1064 2453 1268 2518 vocularum

202 2586 289 2646 προς
311 2561 485 2649 repetitio:
512 2557 778 2640 προσέλθοι...
803 2559 1036 2641 προσγελῶσο,
1064 2581 1170 2645 quam
1188 2559 1268 2625 Cru-

202 2671 293 2735 sium
327 2689 400 2734 non
439 2665 602 2750 effugisse
633 2665 734 2731 tideo
765 2688 807 2731 ex
830 2667 915 2752 prol.
944 2689 977 2753 p.
1002 2667 1075 2746 Lx,
1102 2665 1265 2750 effugisse

201 2795 281 2841 vero
318 2775 495 2860 quomodo
534 2781 624 2840 recte
660 2774 802 2839 tollatur
839 2775 952 2839 miror.
1011 2774 1133 2858 Neque
1173 2773 1264 2838 eninr

203 2881 354 2947 dubitari
377 2889 500 2968 potest,
526 2884 612 2967 quin
637 2880 784 2944 Babrius
807 2879 874 2944 hoc
897 2879 973 2944 loco
1004 2880 1176 2964 scripserit
1200 2878 1270 2943 έπι-

202 3111 230 3160 p.
250 3091 326 3163 269):
356 3094 440 3159 ‘quae
460 3094 564 3159 nobis,
594 3093 700 3159 inquit,
730 3091 878 3158 ‘arrident
907 3092 959 3143 illa
983 3107 1101 3157 quoque
1131 3092 1271 3144 dicuntur

202 3185 281 3250 ἡμᾶς
299 3181 462 3250 προσγελᾶν
480 3184 543 3235 sive
563 3185 640 3249 ἡμᾶς
660 3182 864 3248 προσσαίνειν)
902 3181 984 3233 Nihil
1013 3198 1082 3234 eum
1108 3181 1145 3233 de
1165 3199 1195 3235 π.
1215 3183 1273 3234 τινί

204 3271 400 3325 disserentem
418 3272 563 3325 invenies.

309 3359 344 3432 43)
364 3361 400 3414 de
420 3362 607 3429 paraphrasis
627 3359 809 3412 Bodleianae
835 3377 952 3413 summo
980 3362 1012 3413 in
1031 3361 1133 3413 Babrii
1161 3361 1272 3412 fabulis

204 3450 394 3503 recensendis
413 3452 508 3518 pretio
528 3452 588 3503 iam
608 3466 696 3516 supra
726 3449 865 3502 diximus.
887 3450 967 3513 Quae
987 3466 1076 3515 quam
1105 3466 1174 3501 vera
1202 3449 1272 3502 sint.

205 3539 295 3591 etiam
315 3555 352 3591 ex
369 3540 460 3592 huius
479 3541 539 3592 fab.
560 3539 595 3591 70
613 3555 640 3593 v.
660 3539 676 3591 2
697 3540 837 3606 cognosci
856 3542 962 3605 potest,
992 3538 1044 3591 ubi
1069 3537 1273 3604 paraphrasim

207 3628 404 3681 Bodleianam
434 3644 535 3681 veram
573 3629 725 3696 archetypi
761 3629 938 3696 scripturam
976 3628 1085 3694 ἐσχάτῳ
1122 3627 1271 3692 praebere,

205 3733 373 3784 perversam
401 3716 535 3787 (ἑκάστῳ)
570 3718 634 3772 cod.
663 3719 697 3772 A.
726 3718 880 3770 librarium
909 3733 1012 3770 omnes
1047 3714 1176 3767 editores
1208 3732 1273 3782 pro-

206 3807 279 3858 fessi
298 3811 375 3861 sunt.

311 3894 347 3966 ⁴4)
366 3896 410 3961 cf..
423 3896 505 3951 Orus
517 3898 628 3963 proleg.
641 3898 694 3949 LX
713 3902 743 3950 et
762 3898 902 3949 LXXVII
921 3901 951 3948 ct
969 3895 1076 3948 Philol.
1087 3895 1144 3947 vol.
1156 3894 1274 3945 XLVll.

208 4000 271 4051 pag.
300 3984 325 4040 3.
371 3988 407 4038 In
437 3984 569 4037 editione
598 4001 667 4037 vero
695 3985 777 4038 labb.
805 3985 892 4038 Babr.
921 3984 1042 4037 Anthol.
1078 3983 1131 4048 lyr.
1163 3981 1274 4032 inserta

206 4073 350 4140 Bergkius
369 4071 510 4140 μετέλθοι
528 4075 648 4140 scripsit
666 4073 714 4143 (cf.
735 4073 825 4126 Anth.
844 4074 897 4138 lyr.
916 4088 981 4138 pag.
1002 4071 1132 4123 XXVIII
1154 4074 1184 4121 et
1202 4067 1276 4138 255).
