2924 4786
557 281 736 345 -59-

112 458 155 524 ab
173 466 244 523 arte
263 458 438 524 Babriana
461 457 615 523 alienum
632 467 842 524 censuerunt
858 459 998 544 (proleg.
1014 482 1090 545 pag.
1109 461 1176 543 LI).

112 583 304 648 Abhorrere
341 584 433 647 enim
458 547 712 649 eviio’l'vocem
748 606 768 648 a
798 582 873 667 lege
909 584 1072 669 quadam,
1110 606 1179 671 qua

95 713 217 785 ⁹usum
243 689 410 756 Babrium
434 690 471 753 in
495 689 720 775 polysyllabis
744 697 822 776 post
847 689 934 756 duas
958 691 1079 756 breves
1103 691 1179 757 ulti-

113 819 206 862 mam
231 818 304 862 non
329 796 493 862 abiecisse
517 797 601 882 ipsis
624 797 824 862 viderentur
847 797 1056 863 observasse.
1112 798 1180 862 Sed

114 925 241 981 vereor,
267 926 311 969 ne
335 904 431 984 haec,
457 926 547 989 quae
572 912 704 990 spectat
729 904 774 970 ad
803 903 992 983 elisionem,
1029 905 1084 970 lex
1109 927 1179 970 una

112 1034 154 1076 cx
177 1013 219 1076 iis
243 1013 295 1088 sit,
322 1033 409 1096 quas
434 1011 581 1076 editores
617 1010 782 1090 lecerunt,
819 1032 891 1076 non
915 1021 1027 1097 poeta.
1086 1012 1179 1077 Nilril

112 1120 205 1183 enim
230 1126 290 1195 est,
316 1141 377 1183 cur
400 1117 581 1183 elisionem
605 1118 700 1184 illam
725 1139 796 1183 non
821 1118 997 1184 admiserit
1021 1118 1178 1196 Babrius

113 1244 174 1327 qui
198 1241 266 1308 fab.
292 1244 357 1321 8,2
382 1242 506 1307 eodem
530 1242 632 1328 plane
663 1243 769 1308 modo
801 1243 928 1309 diceret
952 1208 1180 1325 scriniola-

111 1348 248 1432 βαίνειν.
309 1349 412 1431 Quod
447 1350 645 1435 exemplum
681 1350 931 1416 Lachmannus
966 1371 1038 1415 non
1074 1373 1180 1416 ausus

112 1465 162 1522 est
193 1459 229 1521 in
265 1458 499 1542 suspicionem
533 1457 726 1540 socara¹⁰⁶>
752 1457 893 1523 Crusius
928 1480 1009 1523 vero
1044 1459 1179 1524 irritum

111 1587 184 1629 csse
209 1565 427 1642 existimavit,
453 1566 535 1649 quia
559 1565 773 1630 inveniretur
795 1566 832 1630 in
848 1564 968 1630 fabula
990 1565 1177 1630 decurtata.

111 1671 180 1736 Sed
202 1672 293 1736 hanc
318 1671 430 1736 Crusii
453 1693 596 1736 causam
623 1672 756 1737 nullam
792 1695 865 1737 esse
891 1673 969 1757 quis
993 1680 1054 1750 est,
1092 1674 1178 1757 quin

112 1778 305 1861 intellegat!
352 1778 445 1843 Nihil
462 1779 555 1843 enim
581 1787 642 1857 est,
661 1801 731 1864 quo
749 1777 905 1845 fabulam
922 1778 1018 1845 illam
1043 1801 1062 1844 a
1078 1787 1179 1845 tetra·

112 1886 221 1951 sticha
260 1887 382 1950 misere
408 1885 633 1971 depravatam
669 1908 742 1950 esse
774 1871 1039 1965 demonstretur,
1066 1908 1179 1972 noque

112 1992 299 2078 quisquam
333 2000 413 2057 ante
438 1991 693 2057 Eberhardium
717 2002 750 2058 et
775 1993 936 2058 Clusium
960 1993 1179 2059 tetrastichae

112 2100 255 2182 vestigia
287 2098 540 2164 animadvertit.
596 2098 693 2180 Quae
725 2121 805 2164 cum
836 2101 884 2166 ita
916 2102 994 2179 sint,
1020 2100 1179 2165 elisiones

112 2205 227 2285 πότερ’
253 2204 447 2289 ἀναβαίνειν
471 2214 503 2271 ct
526 2205 632 2271 fviorf'
651 2206 807 2272 etaltera
825 2206 968 2273 alteram
985 2205 1178 2271 defendunt

112 2332 226 2396 neque
258 2320 318 2390 est,
350 2335 411 2377 cur
441 2314 485 2378 ab
517 2322 587 2378 arte
616 2334 673 2378 eas
701 2313 874 2379 Babriana
899 2313 1029 2379 alienas
1052 2313 1178 2379 iudice·

112 2417 259 2501 mus.¹⁰³)
310 2420 465 2486 Fuerunt
490 2422 605 2499 etiam,
631 2421 759 2505 quibus
784 2442 895 2486 sermo
920 2421 1026 2486 huius
1050 2422 1178 2506 cpimy-

112 2523 176 2589 thii
199 2526 374 2591 videretur
397 2548 469 2591 non
494 2527 696 2592 Babn'anus.
739 2526 975 2593 Offendebant
1001 2535 1118 2593 autem
1142 2529 1178 2591 in

112 2632 289 2697 vocabulis
325 2634 532 2717 πεποίθησις
566 2643 598 2698 et
624 2628 829 2716 ἀνῖελπίζειν.
883 2634 998 2719 Atque
1027 2635 1178 2719 primum

112 2739 254 2824 quidem
279 2740 486 2824 πεαοίθησις
509 2761 630 2805 vocem
655 2729 907 2824 significatione
933 2740 1089 2806 adhibita
1105 2763 1178 2827 per-

113 2847 283 2911 suasionis
300 2870 380 2912 cum
397 2849 505 2912 animi
521 2847 711 2912 confisione
729 2846 985 2926 (confidentiae,
1003 2845 1177 2931 fiduciae),

112 2974 328 3038 quamquam
357 2956 507 3039 exceptis
530 2954 694 3041 Joselilro,
721 2954 875 3033 Philone,
902 2954 1048 3033 Zosim0,
1075 2954 1178 3021 Sexto

111 3058 285 3145 Empirico
315 3063 351 3125 in
384 3061 463 3126 solis
491 3062 586 3126 libris
611 3064 713 3126 sacris
736 3061 1178 3127 Jr1daeorunretClrristia·

112 3186 238 3231 norum
262 3168 447 3246 invenitur,
472 3177 590 3232 tamen
615 3167 689 3232 ficri
715 3171 837 3253 potuit,
863 3177 901 3233 ut
919 3169 1065 3233 Babrius
1083 3190 1177 3233 usur-

111 3283 217 3357 paret.
259 3274 406 3338 Babrius
423 3276 525 3351 enim,
544 3284 581 3339 ut
599 3296 678 3338 cum
697 3275 903 3340 Zachariaeo
920 3275 1043 3350 dicam,
1058 3296 1177 3358 quam-

112 3401 219 3464 quam
251 3381 368 3445 multis
399 3383 434 3446 in
465 3382 568 3446 robus
599 3404 679 3446 cum
711 3381 934 3467 scriptoribus
963 3382 1075 3446 atticis
1099 3402 1177 3445 con·

111 3487 194 3552 cinit
220 3495 252 3552 et
273 3511 374 3574 saepe
391 3489 626 3554 locutionibus
643 3490 779 3575 proprie
797 3489 908 3554 atticis
925 3489 1042 3565 utitur,
1059 3496 1177 3553 tamen

111 3593 207 3658 haud
232 3616 307 3659 raro
332 3595 396 3659 sibi
413 3596 586 3679 indulget:
615 3595 720 3660 verba
737 3595 908 3660 nonnulla
925 3593 1177 3677 significatione

111 3699 165 3764 rel
190 3704 446 3767 constructione
471 3704 636 3767 inusitata
661 3702 773 3767 induit
800 3725 913 3787 neque
930 3709 1025 3766 curat
1043 3722 1178 3785 semper·

219 3932 264 3999 ¹⁰⁶)
285 3936 320 3986 cl.
342 3934 412 3988 edit.
433 3936 522 4000 prael.
543 3951 606 4002 para
628 3935 688 3985 ΧΥ.

219 4021 264 4081 Ῑθῗ)
283 4034 362 4078 rcctc
381 4025 453 4076 fecit
474 4027 568 4083 l'icus,
589 4023 669 4091 quod
688 4025 782 4087 legem
804 4026 885 4077 illam
906 4022 1176 4074 lac-linrannianam

111 4111 148 4164 de
168 4113 291 4165 elisione
313 4131 373 4170 non
395 4115 522 4169 curavit:
543 4116 579 4168 cl.
599 4117 617 4168 l.
638 4116 654 4166 l.
676 4131 740 4180 pag.
760 4114 813 4166 845
832 4131 875 4180 sq.
