2924 4786
638 292 816 354 -14-

193 489 264 531 non
289 468 417 532 mirum
442 475 501 547 est,
528 467 624 553 quod
646 468 823 533 interdum
836 469 1036 555 epimytiria,
1062 492 1151 554 quae
1165 470 1261 556 apud

195 574 361 640 Babrium
396 574 570 658 leguntur,
606 574 730 638 omisit.
779 573 876 656 Quae
912 598 992 641 cum
1015 578 1064 641 ita
1088 577 1166 655 sint,
1192 579 1260 662 epi·

194 681 337 766 mythia,
356 682 389 747 si
397 680 532 762 iegibus
544 679 807 765 respondebunt
820 703 924 768 supra
936 705 1014 769 pag.
1026 684 1066 747 12
1080 705 1100 748 a
1112 705 1167 748 me
1181 704 1259 747 con-

195 788 334 865 stitutis
353 787 479 852 Babrio
504 785 575 850 iore
599 786 785 852 tribuenda
810 787 987 873 censeossfi)
1022 790 1064 853 ln
1087 798 1155 855 tres
1178 811 1259 855 vero

194 901 308 978 partes
331 895 423 959 hanc
448 893 725 959 dissertationem
761 894 965 973 dividemus,
1003 917 1153 979 quarum
1187 918 1260 961 una

194 999 385 1084 epimythia
409 1000 635 1065 tractabimus
658 1022 736 1066 rere
749 1000 933 1080 Babriana,
959 1002 1065 1066 altera
1089 1011 1259 1088 suspecta,

193 1106 292 1171 tertia
317 1106 441 1190 spuria.

253 1349 286 1416 ii.
312 1348 412 1416 Prima
439 1347 681 1416 dissertationis
706 1365 791 1434 pars,
818 1348 847 1417 in
873 1367 933 1435 qua
959 1348 1129 1417 iisssriiur
1153 1348 1192 1418 is
1241 1297 1244 1301 i

384 1481 386 1486 ·
486 1455 668 1541 spimyiiriis
691 1472 766 1523 νοω
791 1455 966 1555 Bairisnis.

300 1588 467 1654 Babrium
489 1588 528 1651 in
551 1587 742 1672 praeceptis
766 1587 956 1652 moralibus
979 1586 1107 1653 fabulis
1131 1587 1265 1653 adden·

196 1694 249 1760 dis
274 1715 346 1759 non
369 1700 443 1760 tam
465 1713 610 1779 parcum
627 1690 744 1771 fuisse,
770 1714 876 1777 quam
899 1695 1053 1759 virorum
1078 1694 1258 1760 doctorum

194 1801 335 1886 plurimi
351 1800 506 1865 arbitrati
530 1805 620 1878 sunt,
646 1799 701 1864 vel
716 1798 798 1864 inde
816 1809 968 1887 apparet,
993 1801 1090 1886 quod
1105 1803 1260 1887 ipsarum

195 1905 393 1972 fabularum
416 1906 514 1971 haud
547 1907 596 1971 ita
619 1907 724 1991 pauci
758 1928 876 1972 versus
911 1909 1077 1994 postremi
1113 1910 1143 1973 ei
1168 1917 1260 1978 sunt,

106 2020 109 2025 '
195 2015 256 2099 qui
291 2015 393 2098 quasi
420 2014 458 2078 in
483 2013 754 2099 epimythiorum
778 2035 924 2080 numero
960 2015 1081 2080 haberi
1115 2017 1259 2100 possint.

196 2121 250 2185 Sic
274 2142 355 2187 vero
379 2121 443 2186 has
469 2120 658 2185 sententias
693 2122 870 2205 perpetuis
894 2121 1051 2186 versibus
1076 2144 1155 2186 cum
1180 2143 1259 2207 apo-

195 2227 281 2311 logis
318 2227 541 2293 cohaerentes
577 2226 786 2310 compositas
822 2248 895 2290 esse
918 2226 1087 2305 videmus
1124 2235 1163 2290 ut
1199 2236 1261 2291 aut

194 2335 267 2418 ipsc
291 2339 394 2419 poeta
418 2332 583 2416 loquatur
611 2337 673 2396 aut
696 2331 826 2395 animai
850 2331 1029 2415 quoddam
1059 2332 1129 2396 sive
1153 2332 1259 2396 homo

195 2441 265 2505 sive
300 2440 420 2517 bestia,
457 2460 548 2523 quae
594 2439 631 2501 in
667 2434 794 2501 fabulis
840 2437 1020 2521 loquentia
1066 2436 1257 2521 linguntur.

195 2546 362 2632 Exempla
387 2545 519 2610 contuli
542 2544 641 2610 haec:

300 2654 342 2718 In
377 2651 445 2718 lab.
472 2652 501 2716 a.
538 2674 568 2716 v.
596 2652 637 2715 16
651 2673 700 2735 sq,
737 2651 944 2736 piscatorem
980 2651 1167 2737 quendam,
1205 2653 1261 2717 cui

194 2761 297 2845 piscis
321 2782 448 2847 parvus
472 2780 600 2844 magno
621 2759 739 2824 labore
757 2766 878 2843 captus
901 2759 1109 2844 persuadere
1134 2759 1259 2835 studet,

195 2873 234 2931 ut
258 2889 293 2932 se
317 2889 412 2932 nunc
436 2866 579 2951 quidem
604 2866 754 2930 dimittat
777 2865 963 2950 parvulum
987 2872 1021 2929 et
1036 2864 1166 2928 nullius
1190 2863 1260 2928 lere

195 2973 281 3038 lucri
304 2972 473 3052 futurum,
498 2980 619 3058 postea
642 2991 723 3036 vero
759 2972 873 3055 capiat
896 2970 986 3035 bene
1012 2970 1203 3036 enutritum
1227 2979 1262 3035 et

196 3079 344 3145 divitum
368 3080 497 3144 mensis
523 3075 698 3163 aptum‚3⁶)
722 3076 992 3162 respondentem
1015 3077 1176 3160 legimus:

301 3309 336 3381 ³5)
356 3312 398 3363 sic
416 3311 633 3376 Lachmannua
661 3309 904 3362 Schneidewinus
924 3311 983 3378 aiii,
1012 3310 1064 3376 qui
1083 3314 1117 3385 ut
1136 3317 1262 3362 venusia

196 3402 248 3453 illa
268 3401 440 3468 epimythia,
465 3416 540 3465 quae
569 3415 630 3451 non
658 3400 797 3466 leguntur
825 3401 856 3451 in
884 3400 1122 3467 parapirrasibus,
1150 3399 1262 3450 Babrio
1316 3417 1321 3421 ·

196 3490 372 3555 tribuerunt,
401 3491 444 3542 ita
472 3489 637 3555 epimythia
666 3489 702 3539 ab
722 3490 838 3540 Aviano
868 3489 978 3539 omissa
1006 3488 1086 3538 sabb.
1107 3485 1149 3537 (54.
1170 3491 1199 3536 et
1218 3486 1261 3538 (Ξῖ).

196 3579 381 3631 retinuerunt
399 3578 479 3647 (vido
499 3578 576 3629 inira
595 3593 678 3644 pagg.
698 3576 732 3630 67
752 3582 782 3629 et
800 3576 853 3643 68).

302 3665 338 3737 36)
357 3668 388 3720 in
409 3667 590 3734 argumentis
610 3665 778 3717 fabularum
799 3666 903 3717 Latine
928 3663 1088 3716 reddendis
1107 3668 1136 3714 et
1155 3663 1211 3713 hoc
1232 3668 1263 3713 et

197 3758 310 3824 ceteris,
342 3773 417 3822 quac
446 3772 567 3808 neeesse
595 3755 668 3807 mihi
697 3754 816 3807 videtur
843 3755 1071 3820 praemittantur
1098 3751 1262 3803 tractandis

197 3847 322 3913 singuiis
356 3846 538 3913 epimythiis,
566 3861 749 3911 anonymum
782 3850 931 3896 auctorem
960 3844 1079 3893 secutus
1108 3855 1182 3904 sum,
1211 3842 1262 3905 qui

196 3935 344 3988 secundae
357 3934 548 3988 Boissonadii
568 3934 694 3986 editioni
712 3935 833 3985 brevem
851 3932 1019 3984 fabularum
1033 3928 1262 3995 explication(m

197 4024 314 4077 addidit
332 4025 456 4094 (Brevis
476 4024 635 4090 explicatio
654 4023 822 4075 fabularum
841 4021 942 4073 Babrii
963 4020 1000 4072 ad
1020 4016 1182 4071 secundam
1201 4015 1262 4068 edi-

152 4111 157 4120 '
196 4113 310 4165 tionem
329 4115 390 4166 ioh.
411 4115 456 4167 Fr.
476 4111 675 4178 Boissonadii,
694 4111 777 4163 Paris
798 4109 887 4179 1845).
