2924 4786
624 265 802 329 -35-

181 451 313 508 mutam
337 442 487 508 litteram
522 464 603 508 cum
637 442 771 528 liquida
795 445 997 510 coniunctas
1032 444 1137 509 modo
1172 465 1247 531 pro·

181 549 329 621 duxisse,
355 549 460 615 modo
474 550 687 634 corripuisse,
711 551 739 614 si
755 548 893 615 fabulas
908 554 1123 636 percurreris
1148 549 1248 616 facile

183 655 393 740 intelligesw)
418 665 452 722 et
476 678 557 722 eum
580 658 619 722 in
641 654 710 721 lab.
739 656 802 722 108
826 680 856 722 v.
882 657 925 721 23

333 761 449 847 ἄσημα
472 761 595 846 vatem
619 765 739 829 τόντε
762 763 929 847 πρόξενον
951 764 1086 848 θλίβων

183 872 236 935 llis
279 869 447 955 syllabam
493 877 574 936 ante
617 876 753 936 mutam
794 870 944 936 litteram
987 892 1068 937 cum
1115 870 1249 957 liquida

183 978 405 1042 coniunctam
451 977 655 1062 corripuisse
699 999 802 1043 nemo
846 998 972 1061 negare
1017 984 1145 1063 potest,
1190 1000 1251 1044 cur

185 1085 249 1150 lioc
288 1085 325 1149 in
367 1105 469 1150 versu
511 1085 531 1148 5
573 1092 643 1149 tres
681 1084 831 1170 syllabas
873 1091 954 1150 ante
995 1092 1130 1151 mutam
1170 1107 1249 1151 cum

184 1191 316 1277 liquida
351 1198 525 1276 correptas
560 1211 633 1256 nou
668 1191 854 1270 admiserit,
891 1211 964 1256 non
999 1190 1101 1256 video
1144 1195 1250 1277 (prae-

185 1300 300 1364 sertim
340 1318 421 1364 cum
459 1305 528 1363 tres
565 1296 644 1362 illae
683 1299 915 1384 correptiones
952 1298 1177 1364 inveniantur
1213 1300 1252 1363 in

184 1405 283 1484 thesi,
309 1425 381 1470 non
411 1405 449 1470 in
481 1405 570 1489 arsi).
618 1405 674 1470 An
698 1425 840 1470 causam
865 1425 942 1469 eam
967 1425 1041 1469 esse
1073 1405 1155 1469 satis
1178 1426 1251 1489 gra·

187 1535 261 1578 vem
287 1520 398 1597 putas,
425 1533 531 1598 quare
559 1534 698 1578 versum
726 1521 760 1578 et
791 1512 962 1577 sententia
993 1520 1028 1577 et
1058 1511 1253 1577 elocutione

186 1620 404 1705 aptissimum
445 1620 587 1684 reicias?
644 1618 745 1685 Tales
780 1619 873 1703 leges
911 1616 1066 1703 profecto
1106 1618 1253 1685 editores

187 1734 392 1805 statuerunt,
428 1746 501 1790 non
524 1734 637 1811 poeta,
662 1724 929 1809 incideruntque
953 1723 1189 1790 Eberhardius
1219 1734 1254 1791 et

187 1834 329 1898 (rusius
363 1833 400 1897 in
423 1833 547 1898 vitium
570 1831 667 1910 illud,
703 1830 800 1916 quod
821 1839 912 1896 reete
937 1833 1116 1915 castigavit
1139 1830 1175 1897 C.-
1199 1832 1252 1897 Fr.

191 1941 411 2005 Hemrannus
435 1940 497 2004 sic:
531 1937 657 2003 'Sollen
685 1939 746 2005 wir
770 1959 830 2002 um
854 1938 1054 2003 metrischer
1076 1939 1254 2005 Vcrstdsse

190 2046 303 2112 willan
327 2046 429 2110 einen
452 2044 537 2110 Vers
560 2043 617 2109 ltlr
638 2043 853 2130 interpoliert
876 2043 1041 2122 erklltren,
1067 2065 1105 2110 so
1130 2044 1255 2111 durlen

190 2152 303 2217 weder
326 2152 381 2217 die
405 2151 616 2217 metrischen
631 2151 765 2235 Regeln
788 2150 896 2217 selbst
920 2172 963 2216 zu
988 2159 1105 2235 streng
1127 2150 1256 2235 gelasst

189 2261 263 2325 sein
286 2259 421 2325 -hoc
456 2267 576 2326 autom
596 2259 637 2324 in
669 2259 788 2344 ipsum
810 2258 936 2324 vitium
959 2256 1196 2324 Eberhardius
1222 2269 1257 2326 et

190 2367 331 2431 t'rusius
355 2374 395 2431 ut
418 2387 521 2451 saepe
537 2364 706 2453 philologi
721 2364 919 2430 inciderunt
934 2403 986 2442 —‚
1012 2365 1104 2430 noch
1129 2366 1257 2432 andere

191 2472 334 2538 (inundo
358 2470 484 2550 lchleu,
510 2471 565 2536 die
582 2471 652 2536 deu
667 2471 842 2537 Vardacht
858 2493 918 2536 zur
934 2470 1140 2537 (lewissheit
1163 2474 1257 2538 einer

192 2578 402 2646 lluechtheit
418 2577 570 2644 erhebcn
583 2577 791 2662 konnen.'⁷1)
804 2578 951 2644 Versum
967 2578 1072 2661 igitur
1084 2575 1152 2642 lab.
1165 2578 1215 2657 14,
1225 2579 1255 2658 5,

191 2687 360 2771 quoniam
395 2683 483 2750 nihil
511 2686 657 2750 omnino
680 2684 748 2750 illis
782 2682 917 2767 legibus
951 2691 1133 2770 repugnat,
1170 2706 1258 2770 quas

192 2795 227 2858 in
251 2793 451 2879 epimytlriis
475 2812 565 2877 quae
595 2793 750 2875 genuina
785 2792 863 2869 sint,
899 2811 989 2875 quae
1021 2792 1137 2876 spuria
1171 2791 1258 2857 iudi-

192 2900 311 2966 candis
335 2920 440 2986 supra
463 2900 626 2965 constitui
650 2902 739 2985 (pag.
756 2898 819 2982 12),
845 2897 961 2963 Babrii
984 2919 1057 2963 esse
1081 2919 1143 2983 pro
1167 2908 1259 2965 certo

193 3006 447 3073 affirmaverim.

194 3113 261 3179 lab.
289 3115 339 3180 18.

195 3221 264 3287 'Sol
298 3219 489 3305 aliquando
525 3241 605 3285 cum
641 3219 804 3304 aquilone
840 3227 986 3284 certasse
1026 3216 1142 3297 fertur,
1185 3227 1261 3284 uter

194 3329 329 3394 homini
356 3327 501 3413 pallium
527 3325 679 3391 adimere
707 3327 815 3412 possit
850 3326 950 3410 prior.
997 3324 1072 3389 lam
1096 3323 1260 3409 aquilone

195 3435 435 3501 vehementius
469 3435 652 3517 ingruente
699 3433 805 3498 homo
841 3432 967 3497 arctius
1002 3430 1146 3517 pallium
1182 3451 1260 3497 con-

196 3543 340 3607 strinxit.
389 3540 467 3606 Sole
492 3548 609 3606 autem
627 3538 746 3605 calidis
773 3539 878 3605 radiis
905 3559 986 3603 eum
1014 3546 1135 3603 urente
1164 3547 1261 3604 aestu

196 3656 336 3714 coactus
359 3646 504 3734 pallium
529 3647 662 3712 abiecit.
711 3646 766 3712 Sic
789 3647 901 3711 victus
925 3653 977 3709 cst
1000 3644 1139 3729 aquilo’

304 3913 338 3971 ro)
367 3916 403 3967 ef.
433 3916 524 3968 etiam
552 3914 658 3968 Eberh.
688 3915 751 3967 obs.
780 3929 844 3980 pag.
879 3911 919 3976 11,
948 3909 1115 3962 Nam-kium
1145 3909 1264 3974 (Philol.

198 4007 254 4060 vol.
275 4007 334 4072 Vl),
355 4006 437 4059 Orus.
458 4007 566 4071 proleg.
586 4020 650 4071 pag.
671 4004 773 4055 LVllI.

304 4092 338 4153 ²¹)
359 4094 396 4148 ef.
415 4095 433 4146 l.
454 4095 471 4148 l.
492 4111 556 4161 pag.
576 4092 636 4146 820.

1053 4193 1084 4245 3·
