2924 4786
646 300 688 307 ,
711 260 754 324 ηη

198 437 266 504 lab.
295 440 344 502 12.

199 544 360 610 Hirundo
367 545 594 631 longinquius
608 545 748 610 evolans
754 545 937 611 lusciniam
946 547 1080 611 invenit
1088 545 1266 629 lugentem

198 653 234 716 in
260 651 363 716 silvis.
412 651 551 717 Gaudet
574 650 725 716 hirundo
749 652 893 718 inventa
925 672 1038 717 sorore
1071 659 1104 717 et
1128 674 1268 737 persua·

199 758 278 823 dere
304 759 335 823 ei
360 758 484 836 studet,
511 766 550 823 ut
574 756 702 823 relictis
714 757 808 823 siliis
830 758 921 823 inter
936 758 1098 823 homines
1121 759 1265 824 habitet.

198 865 398 952 Respondet
449 865 595 930 luscinia
644 863 880 931 recrudescere
932 865 1137 931 calamitatis
1183 887 1267 931 suae

198 973 401 1037 memoriam
441 971 485 1037 ad
527 971 713 1036 hominum
752 978 994 1056 conspectum;
1037 993 1145 1057 quare
1190 972 1266 1037 soli·

196 1078 319 1144 tudine
344 1101 379 1144 se
404 1079 513 1144 solari.

304 1185 466 1263 Fabulae,
493 1206 582 1269 quae
606 1206 679 1249 non
703 1185 816 1249 solum
852 1185 926 1250 cod.
951 1185 981 1249 A
1010 1185 1200 1251 sedetiam
1226 1185 1264 1249 V.

198 1293 303 1358 aPio
327 1291 488 1357 Knoellio
525 1312 617 1357 anno
644 1292 706 1356 187
709 1292 729 1355 8
764 1299 898 1378 reperto
922 1292 1024 1357 nobis
1047 1292 1173 1357 tradita
1204 1301 1265 1357 est,

197 1399 356 1464 additum
391 1399 516 1483 legitur·
549 1400 587 1463 in
623 1398 696 1464 cod.
723 1399 762 1479 A,
798 1419 871 1464 non
900 1397 999 1482 V.¹‘'’‘'’)
1035 1399 1265 1484 epimythiurn

197 1506 429 1592 complectens
452 1506 516 1570 lios
543 1527 663 1570 versus
686 1512 868 1590 quattuor:

200 1615 249 1692 12,
264 1614 306 1678 25
329 1613 534 1696 παραμυθία
559 1615 609 1693 τίς
632 1613 703 1677 ἐστι
726 1618 787 1697 της
810 1619 917 1697 κακῆς
938 1617 1061 1696 μοίρης

330 1720 431 1803 λόγος
455 1719 565 1803 σοηιὸς
588 1720 644 1784 καὶ
666 1723 780 1802 μούσα
803 1721 859 1785 καὶ
884 1721 973 1803 croyl]
997 1718 1172 1802 ιτληθούς·

330 1827 421 1910 λύττη
447 1826 483 1892 δὲ
507 1829 598 1906 ιτᾶο’,
625 1825 708 1892 ὅταν
732 1848 782 1908 τις
805 1826 982 1892 εύσθεοῶν
1006 1825 1103 1909 ὀφθῇ

330 1935 465 2015 τούτοις
489 1932 649 2015 ταπεινὸς
672 1932 775 2016 αὖθις
799 1932 849 1998 ὢν
873 1935 1067 2016 σονοικηοη.

196 2041 434 2127 Epimythium
478 2042 526 2105 ita
567 2040 669 2105 nobis
704 2040 870 2106 traditum
913 2040 957 2105 ad
992 2040 1158 2105 Babrium
1193 2061 1265 2103 non

196 2169 296 2233 posse
321 2146 437 2212 referri
473 2149 585 2233 primo
622 2147 748 2212 obtutu
771 2146 959 2230 intelleges.
1007 2146 1135 2212 Versus
1172 2147 1263 2210 enirn

196 2256 237 2319 27
263 2275 336 2318 non
360 2254 473 2319 solum
499 2277 518 2320 a
542 2255 617 2338 lege
640 2254 698 2319 illa
716 2253 886 2334 ablronet,
912 2254 955 2319 de
980 2275 1050 2339 qua
1072 2254 1144 2318 iam
1161 2274 1265 2339 supra

196 2361 347 2425 <bannus
372 2382 490 2425 carere
515 2361 692 2438 Babrium,
728 2383 773 2425 ne
797 2360 940 2426 ultimae
968 2382 1088 2425 versus
1112 2359 1264 2446 syllabae

196 2475 378 2533 accentum
403 2469 606 2553 imponeret,
632 2467 821 2533 sedetiam
846 2467 1023 2552 quomodo
1048 2489 1128 2531 curn
1152 2488 1263 2541 versu,

197 2576 258 2659 qui
282 2576 447 2660 sequitur,
485 2575 676 2653 cohaereat,
713 2574 876 2660 explicari
900 2574 1030 2658 nequit.
1083 2573 1264 2638 Construc-

195 2682 325 2747 tionem
351 2683 444 2746 eninr
472 2683 564 2765 λύττη
589 2685 646 2766 (sc.
672 2683 785 2766 ἐστίν),
823 2682 906 2748 ὅταν
930 2702 980 2763 τις
1008 2680 1106 2764 ὀφθῇ
1131 2681 1265 2761 τούτοις

198 2839 204 2852 .
231 2841 236 2851 .
264 2839 270 2852 .
297 2791 480 2873 συνοικήσῃ
505 2789 642 2854 tolerari
677 2810 749 2853 non
772 2810 874 2875 posse
903 2807 1172 2854 commemorare
1206 2788 1264 2851 vix

196 2915 284 2979 opus
308 2902 367 2959 est.
416 2895 563 2960 Versum
580 2897 684 2978 igitur
708 2895 766 2959 alii
782 2896 879 2960 aliter
895 2916 1015 2960 sanare
1033 2895 1148 2959 conati
1172 2900 1263 2970 sunt,

195 3002 232 3064 in
267 3001 396 3085 quibus
419 3002 597 3087 Hauptius
626 3001 680 3066 rel
703 3002 910 3067 Duebnerus
946 3003 1143 3066 coniectura
1177 3001 1264 3064 milri

196 3106 337 3191 quidem
354 3108 504 3172 maxime
523 3108 695 3194 probabili
711 3108 873 3175 videntur
896 3109 950 3174 usi
977 3130 1050 3172 esse
1075 3108 1264 3192 (Hauptius

194 3214 285 3298 λύιτη
311 3213 340 3278 θ’
365 3213 449 3279 ὅταν
472 3237 522 3298 τις
546 3215 599 3298 οἷς
621 3218 697 3280 τοτ’
723 3215 877 3282 εύθενῶν
895 3214 1012 3299 ὤφθη,
1030 3216 1165 3295 τούτοις
1189 3264 1196 3278 .
1223 3265 1229 3278 .
1257 3265 1263 3278 .

196 3324 389 3407 σύνοικηση.
437 3320 717 3405 l)uebncrus¹‘'’⁶):
743 3322 834 3407 λύιτη
860 3323 888 3387 θ’
915 3321 998 3388 ὅταν
1023 3344 1073 3403 τις
1098 3322 1186 3387 οἷσιν
1210 3321 1262 3386 εύ-

302 3481 347 3539 ¹⁵5l
368 3481 475 3535 desunt
496 3500 598 3535 versus
626 3484 685 3535 fab.
707 3482 747 3548 12,
759 3482 865 3534 25—28
893 3482 1048 3547 epimythii
1078 3483 1145 3534 loco
1174 3482 1262 3548 positi

195 3573 285 3624 etiam
304 3573 335 3622 in
356 3570 465 3624 Aldina
485 3574 569 3624 univ
587 3572 635 3641 (cf.
656 3572 738 3625 Orus.
762 3574 872 3639 proleg.
891 3587 955 3637 pag.
976 3571 1016 3622 Xl
1037 3576 1064 3622 et
1085 3570 1163 3638 apud
1184 3572 1263 3622 Kno-

195 3661 293 3715 chium
313 3661 389 3728 (pag.
410 3659 463 3725 52).

301 3747 347 3819 15⁶)
367 3749 402 3802 cf.
429 3751 577 3804 animadv.
602 3752 665 3804 crit.
690 3767 754 3817 pag.
775 3750 822 3814 34;
852 3754 982 3801 ceterum
1012 3750 1167 3816 Maelrlyus
1196 3765 1263 3800 con-

194 3839 356 3891 structione
384 3837 463 3906 λύπη
490 3840 542 3910 (sc.
563 3841 650 3907 ἐστίν)
671 3839 741 3894 ὅταν
764 3840 899 3892 offensus
928 3837 1015 3892 λυπεῖ
1042 3839 1129 3891 scribi
1160 3839 1262 3891 voluit.

195 3928 276 3990 Quae
295 3926 417 3993 quidem
437 3930 607 3983 emendatio
626 3945 688 3983 non
707 3929 875 3982 necessaria
893 3926 1024 3978 videtur:
1054 3927 1117 3980 eod.
1137 3928 1162 3979 A
1182 3927 1261 3979 eninr

194 4016 338 4082 scriptura
358 4019 518 4083 respondet
538 4020 582 4072 illi
598 4017 777 4085 ,τοοομοθίο
797 4019 881 4086 ἐστίν,
906 4017 977 4072 ὅταν
997 4057 1002 4069 .
1023 4057 1029 4069 .
1050 4057 1064 4080 .,
1085 4016 1165 4082 quod
1186 4017 1216 4067 in
1236 4033 1262 4068 r.

194 4104 228 4156 25
253 4105 410 4159 antecedit.
