<?xml version="1.0" encoding="UTF-8"?>
<!DOCTYPE html PUBLIC "-//W3C//DTD XHTML 1.0 Transitional//EN"
    "http://www.w3.org/TR/xhtml1/DTD/xhtml1-transitional.dtd">
<html xmlns="http://www.w3.org/1999/xhtml" xml:lang="en" lang="en">
 <head>
  <title>
</title>
<meta http-equiv="Content-Type" content="text/html;charset=utf-8" />
  <meta name='ocr-system' content='tesseract 3.04.00' />
  <meta name='ocr-capabilities' content='ocr_page ocr_carea ocr_par ocr_line ocrx_word'/>
</head>
<body>
  <div class='ocr_page' id='page_1' title='image "./deindoleatqueau00hohmgoog_0043.png"; bbox 0 0 2924 4786; ppageno 0'>
   <div class='ocr_carea' id='block_1_1' title="bbox 637 238 814 303">
    <p class='ocr_par' dir='ltr' id='par_1_1' title="bbox 637 238 814 303">
     <span class='ocr_line' id='line_1_1' title="bbox 637 238 814 303; baseline 0 -20"><span class='ocrx_word' id='word_1_1' title='bbox 637 238 814 303; x_wconf 76' lang='lat'>-34-</span> 
     </span>
    </p>
   </div>
   <div class='ocr_carea' id='block_1_2' title="bbox 193 414 341 481">
    <p class='ocr_par' dir='ltr' id='par_1_2' title="bbox 193 414 341 481">
     <span class='ocr_line' id='line_1_2' title="bbox 193 414 341 481; baseline -0.007 -1"><span class='ocrx_word' id='word_1_2' title='bbox 193 414 263 481; x_wconf 88' lang='lat' dir='ltr'><strong>lab.</strong></span> <span class='ocrx_word' id='word_1_3' title='bbox 290 416 341 480; x_wconf 88' lang='lat'><strong>14.</strong></span> 
     </span>
    </p>
   </div>
   <div class='ocr_carea' id='block_1_3' title="bbox 155 520 1273 3060">
    <p class='ocr_par' dir='ltr' id='par_1_3' title="bbox 194 520 1268 818">
     <span class='ocr_line' id='line_1_3' title="bbox 194 520 1268 608; baseline 0.002 -19"><span class='ocrx_word' id='word_1_4' title='bbox 194 523 291 590; x_wconf 90' lang='lat' dir='ltr'><strong>&#39;Urso</strong></span> <span class='ocrx_word' id='word_1_5' title='bbox 327 520 484 588; x_wconf 77' lang='lat' dir='ltr'><strong>efferenti</strong></span> <span class='ocrx_word' id='word_1_6' title='bbox 519 544 554 587; x_wconf 90' lang='lat' dir='ltr'><strong>se</strong></span> <span class='ocrx_word' id='word_1_7' title='bbox 590 529 628 588; x_wconf 88' lang='lat' dir='ltr'><strong>nt</strong></span> <span class='ocrx_word' id='word_1_8' title='bbox 662 522 842 588; x_wconf 91' lang='lat' dir='ltr'><strong>hominem</strong></span> <span class='ocrx_word' id='word_1_9' title='bbox 871 529 1057 601; x_wconf 84' lang='lat' dir='ltr'><strong>amantem,</strong></span> <span class='ocrx_word' id='word_1_10' title='bbox 1094 524 1178 608; x_wconf 92' lang='lat' dir='ltr'><strong>quia</strong></span> <span class='ocrx_word' id='word_1_11' title='bbox 1211 546 1268 591; x_wconf 89' lang='lat' dir='ltr'><strong>oa·</strong></span> 
     </span>
     <span class='ocr_line' id='line_1_4' title="bbox 194 628 1267 717; baseline 0.002 -22"><span class='ocrx_word' id='word_1_12' title='bbox 194 630 298 695; x_wconf 91' lang='lat' dir='ltr'><strong>daver</strong></span> <span class='ocrx_word' id='word_1_13' title='bbox 338 628 534 694; x_wconf 91' lang='lat' dir='ltr'><strong>humanum</strong></span> <span class='ocrx_word' id='word_1_14' title='bbox 576 650 649 693; x_wconf 91' lang='lat' dir='ltr'><strong>non</strong></span> <span class='ocrx_word' id='word_1_15' title='bbox 691 629 852 713; x_wconf 86' lang='lat' dir='ltr'><strong>attingat,</strong></span> <span class='ocrx_word' id='word_1_16' title='bbox 892 628 1080 714; x_wconf 80' lang='lat' dir='ltr'><strong>respondet</strong></span> <span class='ocrx_word' id='word_1_17' title='bbox 1122 629 1267 717; x_wconf 86' lang='lat' dir='ltr'><strong>vulpes:</strong></span> 
     </span>
     <span class='ocr_line' id='line_1_5' title="bbox 194 736 802 818; baseline -0.002 -17"><span class='ocrx_word' id='word_1_18' title='bbox 194 736 332 803; x_wconf 84' lang='lat' dir='ltr'><strong>Mallem</strong></span> <span class='ocrx_word' id='word_1_19' title='bbox 355 736 474 802; x_wconf 84' lang='lat' dir='ltr'><strong>vivum</strong></span> <span class='ocrx_word' id='word_1_20' title='bbox 498 756 571 800; x_wconf 91' lang='lat' dir='ltr'><strong>non</strong></span> <span class='ocrx_word' id='word_1_21' title='bbox 594 736 802 818; x_wconf 85' lang='lat' dir='ltr'><strong>attingeres&#39;</strong></span> 
     </span>
    </p>

    <p class='ocr_par' dir='ltr' id='par_1_4' title="bbox 155 841 1273 3060">
     <span class='ocr_line' id='line_1_6' title="bbox 196 841 1271 928; baseline 0.003 -21"><span class='ocrx_word' id='word_1_22' title='bbox 196 841 347 908; x_wconf 79' lang='lat' dir='ltr'><strong>Fabulae</strong></span> <span class='ocrx_word' id='word_1_23' title='bbox 370 843 408 907; x_wconf 89' lang='lat' dir='ltr'><strong>in</strong></span> <span class='ocrx_word' id='word_1_24' title='bbox 429 841 549 907; x_wconf 86' lang='lat' dir='ltr'><strong>eodA</strong></span> <span class='ocrx_word' id='word_1_25' title='bbox 573 842 805 928; x_wconf 88' lang='lat' dir='ltr'><strong>epimythium</strong></span> <span class='ocrx_word' id='word_1_26' title='bbox 830 841 1057 906; x_wconf 81' lang='lat' dir='ltr'><strong>subiunctum</strong></span> <span class='ocrx_word' id='word_1_27' title='bbox 1081 847 1133 908; x_wconf 88' lang='lat' dir='ltr'><strong>est</strong></span> <span class='ocrx_word' id='word_1_28' title='bbox 1151 864 1271 910; x_wconf 92' lang='lat' dir='ltr'><strong>unum</strong></span> 
     </span>
     <span class='ocr_line' id='line_1_7' title="bbox 195 947 1206 1035; baseline -0.002 -21"><span class='ocrx_word' id='word_1_29' title='bbox 195 947 429 1035; x_wconf 68' lang='lat' dir='ltr'><strong>complectens</strong></span> <span class='ocrx_word' id='word_1_30' title='bbox 452 970 592 1014; x_wconf 89' lang='lat' dir='ltr'><strong>versum</strong></span> <span class='ocrx_word' id='word_1_31' title='bbox 615 949 724 1014; x_wconf 87' lang='lat' dir='ltr'><strong>hune:</strong></span> <span class='ocrx_word' id='word_1_32' title='bbox 1204 962 1206 968; x_wconf 87' lang='grc'><strong>’</strong></span> 
     </span>
     <span class='ocr_line' id='line_1_8' title="bbox 198 1053 1159 1139; baseline 0.002 -20"><span class='ocrx_word' id='word_1_33' title='bbox 198 1057 248 1135; x_wconf 84' lang='grc'><strong>14,</strong></span> <span class='ocrx_word' id='word_1_34' title='bbox 262 1057 291 1121; x_wconf 83' lang='lat'><strong>5.</strong></span> <span class='ocrx_word' id='word_1_35' title='bbox 329 1055 348 1121; x_wconf 88' lang='grc' dir='ltr'>ὁ</span> <span class='ocrx_word' id='word_1_36' title='bbox 372 1053 484 1138; x_wconf 82' lang='grc' dir='ltr'><em>ζῶντα</em></span> <span class='ocrx_word' id='word_1_37' title='bbox 507 1054 673 1139; x_wconf 77' lang='grc' dir='ltr'><em>βλάπτων</em></span> <span class='ocrx_word' id='word_1_38' title='bbox 695 1055 743 1139; x_wconf 82' lang='grc' dir='ltr'><strong>μὴ</strong></span> <span class='ocrx_word' id='word_1_39' title='bbox 767 1055 888 1137; x_wconf 82' lang='grc' dir='ltr'><em>νεκρόν</em></span> <span class='ocrx_word' id='word_1_40' title='bbox 910 1076 953 1137; x_wconf 82' lang='grc' dir='ltr'><strong>με</strong></span> <span class='ocrx_word' id='word_1_41' title='bbox 976 1053 1159 1137; x_wconf 67' lang='lat' dir='ltr'><strong>demetam.</strong></span> 
     </span>
     <span class='ocr_line' id='line_1_9' title="bbox 196 1159 1271 1249; baseline 0.001 -21"><span class='ocrx_word' id='word_1_42' title='bbox 196 1162 309 1245; x_wconf 77' lang='lat' dir='ltr'><strong>Quem</strong></span> <span class='ocrx_word' id='word_1_43' title='bbox 347 1183 496 1241; x_wconf 85' lang='lat' dir='ltr'><strong>versum,</strong></span> <span class='ocrx_word' id='word_1_44' title='bbox 537 1162 566 1227; x_wconf 92' lang='lat' dir='ltr'><strong>si</strong></span> <span class='ocrx_word' id='word_1_45' title='bbox 600 1160 717 1227; x_wconf 91' lang='lat' dir='ltr'><strong>Babrii</strong></span> <span class='ocrx_word' id='word_1_46' title='bbox 752 1159 951 1226; x_wconf 78' lang='lat' dir='ltr'><strong>fabularum</strong></span> <span class='ocrx_word' id='word_1_47' title='bbox 986 1160 1156 1227; x_wconf 80' lang='lat' dir='ltr'><strong>editiones</strong></span> <span class='ocrx_word' id='word_1_48' title='bbox 1192 1183 1271 1249; x_wconf 87' lang='lat' dir='ltr'><strong>per-</strong></span> 
     </span>
     <span class='ocr_line' id='line_1_10' title="bbox 197 1265 1273 1348; baseline 0.003 -14"><span class='ocrx_word' id='word_1_49' title='bbox 197 1270 350 1348; x_wconf 74' lang='lat' dir='ltr'><strong>curreris,</strong></span> <span class='ocrx_word' id='word_1_50' title='bbox 387 1289 508 1334; x_wconf 92' lang='lat' dir='ltr'><strong>omnes</strong></span> <span class='ocrx_word' id='word_1_51' title='bbox 543 1268 690 1334; x_wconf 83' lang='lat' dir='ltr'><strong>editores</strong></span> <span class='ocrx_word' id='word_1_52' title='bbox 714 1267 840 1333; x_wconf 79' lang='lat' dir='ltr'><strong>Bebrio</strong></span> <span class='ocrx_word' id='word_1_53' title='bbox 876 1265 1011 1332; x_wconf 88' lang='lat' dir='ltr'><strong>dedisse</strong></span> <span class='ocrx_word' id='word_1_54' title='bbox 1045 1266 1190 1347; x_wconf 83' lang='lat' dir='ltr'><strong>videbis,</strong></span> <span class='ocrx_word' id='word_1_55' title='bbox 1229 1277 1273 1337; x_wconf 87' lang='lat' dir='ltr'><strong>ut</strong></span> 
     </span>
     <span class='ocr_line' id='line_1_11' title="bbox 198 1372 1270 1462; baseline 0.002 -22"><span class='ocrx_word' id='word_1_56' title='bbox 198 1376 357 1462; x_wconf 87' lang='lat' dir='ltr'><strong>spurium</strong></span> <span class='ocrx_word' id='word_1_57' title='bbox 380 1376 519 1441; x_wconf 89' lang='lat' dir='ltr'><strong>uneinis</strong></span> <span class='ocrx_word' id='word_1_58' title='bbox 554 1375 733 1440; x_wconf 84' lang='lat' dir='ltr'><strong>seclusisse</strong></span> <span class='ocrx_word' id='word_1_59' title='bbox 756 1373 1012 1440; x_wconf 87' lang='lat' dir='ltr'><strong>Eberhardium</strong></span> <span class='ocrx_word' id='word_1_60' title='bbox 1036 1380 1070 1439; x_wconf 91' lang='lat' dir='ltr'><strong>et</strong></span> <span class='ocrx_word' id='word_1_61' title='bbox 1094 1372 1270 1442; x_wconf 85' lang='lat' dir='ltr'><strong>Crusium.</strong></span> 
     </span>
     <span class='ocr_line' id='line_1_12' title="bbox 197 1480 1271 1568; baseline 0.001 -20"><span class='ocrx_word' id='word_1_62' title='bbox 197 1482 371 1568; x_wconf 82' lang='lat' dir='ltr'><strong>Equidem</strong></span> <span class='ocrx_word' id='word_1_63' title='bbox 406 1503 546 1547; x_wconf 90' lang='lat' dir='ltr'><strong>versum</strong></span> <span class='ocrx_word' id='word_1_64' title='bbox 588 1482 748 1566; x_wconf 86' lang='lat' dir='ltr'><strong>quamvis</strong></span> <span class='ocrx_word' id='word_1_65' title='bbox 783 1480 965 1565; x_wconf 85' lang='lat' dir='ltr'><strong>diligenter</strong></span> <span class='ocrx_word' id='word_1_66' title='bbox 998 1483 1125 1546; x_wconf 88' lang='lat' dir='ltr'><strong>iterum</strong></span> <span class='ocrx_word' id='word_1_67' title='bbox 1161 1488 1271 1567; x_wconf 88' lang='lat' dir='ltr'><strong>atque</strong></span> 
     </span>
     <span class='ocr_line' id='line_1_13' title="bbox 196 1588 1271 1675; baseline 0.001 -20"><span class='ocrx_word' id='word_1_68' title='bbox 196 1592 323 1656; x_wconf 91' lang='lat' dir='ltr'><strong>iterum</strong></span> <span class='ocrx_word' id='word_1_69' title='bbox 346 1594 581 1675; x_wconf 81' lang='lat' dir='ltr'><strong>perscrutatus</strong></span> <span class='ocrx_word' id='word_1_70' title='bbox 605 1588 671 1652; x_wconf 88' lang='lat' dir='ltr'><strong>sim</strong></span> <span class='ocrx_word' id='word_1_71' title='bbox 695 1593 800 1672; x_wconf 92' lang='lat' dir='ltr'><strong>atque</strong></span> <span class='ocrx_word' id='word_1_72' title='bbox 824 1588 1102 1667; x_wconf 68' lang='lat' dir='ltr'><strong>examinaverint,</strong></span> <span class='ocrx_word' id='word_1_73' title='bbox 1128 1609 1200 1673; x_wconf 92' lang='lat' dir='ltr'><strong>qua</strong></span> <span class='ocrx_word' id='word_1_74' title='bbox 1226 1589 1271 1657; x_wconf 90' lang='lat' dir='ltr'><strong>de</strong></span> 
     </span>
     <span class='ocr_line' id='line_1_14' title="bbox 200 1693 1272 1780; baseline 0.001 -19"><span class='ocrx_word' id='word_1_75' title='bbox 200 1717 305 1762; x_wconf 79' lang='lat' dir='ltr'><strong>eausa</strong></span> <span class='ocrx_word' id='word_1_76' title='bbox 328 1696 503 1774; x_wconf 84' lang='lat' dir='ltr'><strong>reicerem,</strong></span> <span class='ocrx_word' id='word_1_77' title='bbox 538 1695 696 1759; x_wconf 89' lang='lat' dir='ltr'><strong>invenire</strong></span> <span class='ocrx_word' id='word_1_78' title='bbox 720 1715 794 1759; x_wconf 90' lang='lat' dir='ltr'><strong>non</strong></span> <span class='ocrx_word' id='word_1_79' title='bbox 817 1695 925 1780; x_wconf 88' lang='lat' dir='ltr'><strong>potui.</strong></span> <span class='ocrx_word' id='word_1_80' title='bbox 974 1693 1138 1759; x_wconf 82' lang='lat' dir='ltr'><strong>Sermone</strong></span> <span class='ocrx_word' id='word_1_81' title='bbox 1174 1698 1272 1762; x_wconf 91' lang='lat' dir='ltr'><strong>enim</strong></span> 
     </span>
     <span class='ocr_line' id='line_1_15' title="bbox 200 1801 1271 1887; baseline 0.003 -21"><span class='ocrx_word' id='word_1_82' title='bbox 200 1825 274 1868; x_wconf 87' lang='lat' dir='ltr'><strong>osse</strong></span> <span class='ocrx_word' id='word_1_83' title='bbox 298 1801 472 1867; x_wconf 87' lang='lat' dir='ltr'><strong>Babriano</strong></span> <span class='ocrx_word' id='word_1_84' title='bbox 495 1801 584 1866; x_wconf 91' lang='lat' dir='ltr'><strong>mihi</strong></span> <span class='ocrx_word' id='word_1_85' title='bbox 612 1801 749 1867; x_wconf 87' lang='lat' dir='ltr'><strong>videtur</strong></span> <span class='ocrx_word' id='word_1_86' title='bbox 784 1803 985 1887; x_wconf 88' lang='lat' dir='ltr'><strong>optimeque</strong></span> <span class='ocrx_word' id='word_1_87' title='bbox 1010 1822 1151 1866; x_wconf 81' lang='lat' dir='ltr'><strong>omrere.</strong></span> <span class='ocrx_word' id='word_1_88' title='bbox 1204 1801 1271 1869; x_wconf 83' lang='lat' dir='ltr'><strong>Ae·</strong></span> 
     </span>
     <span class='ocr_line' id='line_1_16' title="bbox 201 1906 1269 1995; baseline -0.001 -19"><span class='ocrx_word' id='word_1_89' title='bbox 201 1909 301 1990; x_wconf 78' lang='lat' dir='ltr'><strong>sedit,</strong></span> <span class='ocrx_word' id='word_1_90' title='bbox 327 1907 424 1995; x_wconf 89' lang='lat' dir='ltr'><strong>quod</strong></span> <span class='ocrx_word' id='word_1_91' title='bbox 448 1907 535 1994; x_wconf 91' lang='lat' dir='ltr'><strong>quid</strong></span> <span class='ocrx_word' id='word_1_92' title='bbox 558 1906 678 1974; x_wconf 82' lang='lat' dir='ltr'><strong>fabula</strong></span> <span class='ocrx_word' id='word_1_93' title='bbox 702 1907 768 1973; x_wconf 88' lang='lat' dir='ltr'><strong>sibi</strong></span> <span class='ocrx_word' id='word_1_94' title='bbox 780 1907 871 1987; x_wconf 81' lang='lat' dir='ltr'><strong>velit,</strong></span> <span class='ocrx_word' id='word_1_95' title='bbox 897 1908 1030 1992; x_wconf 85' lang='lat' dir='ltr'><strong>egregie</strong></span> <span class='ocrx_word' id='word_1_96' title='bbox 1055 1907 1269 1992; x_wconf 84' lang='lat' dir='ltr'><strong>exprimitur.</strong></span> 
     </span>
     <span class='ocr_line' id='line_1_17' title="bbox 200 2013 1270 2099; baseline 0.004 -19"><span class='ocrx_word' id='word_1_97' title='bbox 200 2013 245 2082; x_wconf 72' lang='lat' dir='ltr'><strong>At</strong></span> <span class='ocrx_word' id='word_1_98' title='bbox 268 2014 503 2080; x_wconf 85' lang='lat' dir='ltr'><strong>Eberhardius</strong></span> <span class='ocrx_word' id='word_1_99' title='bbox 518 2022 561 2093; x_wconf 11' lang='lat' dir='ltr'><strong>Aet</strong></span> <span class='ocrx_word' id='word_1_100' title='bbox 585 2014 726 2081; x_wconf 88' lang='lat' dir='ltr'><strong>Crusius</strong></span> <span class='ocrx_word' id='word_1_101' title='bbox 749 2015 862 2098; x_wconf 85' lang='lat' dir='ltr'><strong>legem</strong></span> <span class='ocrx_word' id='word_1_102' title='bbox 890 2013 1070 2099; x_wconf 89' lang='lat' dir='ltr'><strong>quandam</strong></span> <span class='ocrx_word' id='word_1_103' title='bbox 1092 2014 1270 2099; x_wconf 88' lang='lat' dir='ltr'><strong>prosodia·</strong></span> 
     </span>
     <span class='ocr_line' id='line_1_18' title="bbox 202 2119 1272 2207; baseline 0.001 -19"><span class='ocrx_word' id='word_1_104' title='bbox 202 2144 279 2189; x_wconf 85' lang='lat' dir='ltr'><strong>eam</strong></span> <span class='ocrx_word' id='word_1_105' title='bbox 304 2122 479 2187; x_wconf 88' lang='lat' dir='ltr'><strong>invenisse</strong></span> <span class='ocrx_word' id='word_1_106' title='bbox 504 2120 570 2185; x_wconf 89' lang='lat' dir='ltr'><strong>sibi</strong></span> <span class='ocrx_word' id='word_1_107' title='bbox 592 2119 809 2205; x_wconf 77' lang='lat' dir='ltr'><strong>videntur,⁶⁹)</strong></span> <span class='ocrx_word' id='word_1_108' title='bbox 845 2142 936 2207; x_wconf 93' lang='lat' dir='ltr'><strong>quae</strong></span> <span class='ocrx_word' id='word_1_109' title='bbox 960 2122 989 2186; x_wconf 89' lang='lat' dir='ltr'><strong>si</strong></span> <span class='ocrx_word' id='word_1_110' title='bbox 1011 2121 1107 2186; x_wconf 89' lang='lat' dir='ltr'><strong>huno</strong></span> <span class='ocrx_word' id='word_1_111' title='bbox 1129 2142 1272 2191; x_wconf 83' lang='lat' dir='ltr'><strong>versum</strong></span> 
     </span>
     <span class='ocr_line' id='line_1_19' title="bbox 202 2216 1273 2312; baseline 0 -18"><span class='ocrx_word' id='word_1_112' title='bbox 202 2232 239 2294; x_wconf 91' lang='lat' dir='ltr'><strong>in</strong></span> <span class='ocrx_word' id='word_1_113' title='bbox 264 2216 431 2294; x_wconf 87' lang='lat' dir='ltr'><strong>contextu</strong></span> <span class='ocrx_word' id='word_1_114' title='bbox 453 2228 648 2308; x_wconf 84' lang='lat' dir='ltr'><strong>retinueris,</strong></span> <span class='ocrx_word' id='word_1_115' title='bbox 672 2227 830 2312; x_wconf 84' lang='lat' dir='ltr'><strong>neglecta</strong></span> <span class='ocrx_word' id='word_1_116' title='bbox 854 2228 925 2293; x_wconf 89' lang='lat' dir='ltr'><strong>erit.</strong></span> <span class='ocrx_word' id='word_1_117' title='bbox 903 2228 1092 2293; x_wconf 91' lang='lat' dir='ltr'><strong>tHabes</strong></span> <span class='ocrx_word' id='word_1_118' title='bbox 1116 2228 1210 2292; x_wconf 89' lang='lat' dir='ltr'><strong>enim</strong></span> <span class='ocrx_word' id='word_1_119' title='bbox 1233 2230 1273 2295; x_wconf 90' lang='lat' dir='ltr'><strong>in</strong></span> 
     </span>
     <span class='ocr_line' id='line_1_20' title="bbox 200 2332 1272 2440; baseline 0.001 -39"><span class='ocrx_word' id='word_1_120' title='bbox 200 2356 302 2401; x_wconf 83' lang='lat' dir='ltr'><strong>versu</strong></span> <span class='ocrx_word' id='word_1_121' title='bbox 325 2341 393 2399; x_wconf 87' lang='lat' dir='ltr'><strong>tres</strong></span> <span class='ocrx_word' id='word_1_122' title='bbox 417 2332 566 2419; x_wconf 84' lang='lat' dir='ltr'><strong>syllabas</strong></span> <span class='ocrx_word' id='word_1_123' title='bbox 590 2341 670 2399; x_wconf 91' lang='lat' dir='ltr'><strong>ante</strong></span> <span class='ocrx_word' id='word_1_124' title='bbox 693 2341 828 2400; x_wconf 87' lang='lat' dir='ltr'><strong>mutarn</strong></span> <span class='ocrx_word' id='word_1_125' title='bbox 853 2356 933 2399; x_wconf 87' lang='lat' dir='ltr'><strong>eum</strong></span> <span class='ocrx_word' id='word_1_126' title='bbox 947 2334 1081 2420; x_wconf 82' lang='lat' dir='ltr'><strong>liquida</strong></span> <span class='ocrx_word' id='word_1_127' title='bbox 1098 2343 1272 2440; x_wconf 81' lang='lat' dir='ltr'><strong>correptas</strong></span> 
     </span>
     <span class='ocr_line' id='line_1_21' title="bbox 155 2421 1270 2538; baseline -0.001 -29"><span class='ocrx_word' id='word_1_128' title='bbox 155 2464 159 2472; x_wconf 62' lang='lat'>¹</span> <span class='ocrx_word' id='word_1_129' title='bbox 202 2466 245 2509; x_wconf 89' lang='grc' dir='ltr'><strong>τα</strong></span> <span class='ocrx_word' id='word_1_130' title='bbox 262 2447 322 2507; x_wconf 91' lang='lat' dir='ltr'><strong>ant</strong></span> <span class='ocrx_word' id='word_1_131' title='bbox 325 2463 342 2506; x_wconf 91' lang='lat' dir='ltr'><strong>e</strong></span> <span class='ocrx_word' id='word_1_132' title='bbox 358 2438 433 2523; x_wconf 80' lang='grc' dir='ltr'><strong>βλ</strong></span> <span class='ocrx_word' id='word_1_133' title='bbox 424 2460 462 2504; x_wconf 88' lang='grc'><strong>111</strong></span> <span class='ocrx_word' id='word_1_134' title='bbox 479 2421 592 2520; x_wconf 79' lang='grc' dir='ltr'><em>ζῶντα</em></span> <span class='ocrx_word' id='word_1_135' title='bbox 621 2439 797 2524; x_wconf 79' lang='grc' dir='ltr'><em>βλάπτων,</em></span> <span class='ocrx_word' id='word_1_136' title='bbox 828 2464 865 2506; x_wconf 85' lang='grc' dir='ltr'><strong>νε</strong></span> <span class='ocrx_word' id='word_1_137' title='bbox 889 2448 969 2506; x_wconf 89' lang='lat' dir='ltr'><strong>ante</strong></span> <span class='ocrx_word' id='word_1_138' title='bbox 1006 2463 1047 2523; x_wconf 85' lang='grc' dir='ltr'><strong>κρ</strong></span> <span class='ocrx_word' id='word_1_139' title='bbox 1070 2442 1109 2506; x_wconf 93' lang='lat' dir='ltr'><strong>in</strong></span> <span class='ocrx_word' id='word_1_140' title='bbox 1138 2443 1270 2538; x_wconf 84' lang='grc' dir='ltr'><em>νεκρόν</em></span> 
     </span>
     <span class='ocr_line' id='line_1_22' title="bbox 201 2541 1272 2634; baseline -0.002 -17"><span class='ocrx_word' id='word_1_141' title='bbox 201 2574 244 2634; x_wconf 87' lang='grc' dir='ltr'><strong>με</strong></span> <span class='ocrx_word' id='word_1_142' title='bbox 268 2556 349 2615; x_wconf 92' lang='lat' dir='ltr'><strong>ante</strong></span> <span class='ocrx_word' id='word_1_143' title='bbox 366 2546 445 2629; x_wconf 75' lang='lat' dir='ltr'><strong>do</strong></span> <span class='ocrx_word' id='word_1_144' title='bbox 435 2569 474 2612; x_wconf 88' lang='lat' dir='ltr'><strong>rn</strong></span> <span class='ocrx_word' id='word_1_145' title='bbox 497 2569 540 2629; x_wconf 83' lang='grc' dir='ltr'><strong>με</strong></span> <span class='ocrx_word' id='word_1_146' title='bbox 570 2541 693 2631; x_wconf 70' lang='lat' dir='ltr'><strong>denval</strong></span> <span class='ocrx_word' id='word_1_147' title='bbox 692 2568 752 2628; x_wconf 86' lang='grc' dir='ltr'><strong>τω,</strong></span> <span class='ocrx_word' id='word_1_148' title='bbox 778 2549 905 2634; x_wconf 91' lang='lat' dir='ltr'><strong>quain</strong></span> <span class='ocrx_word' id='word_1_149' title='bbox 930 2530 1217 2614; x_wconf 86' lang='lat' dir='ltr'><strong>reEberhardius</strong></span> <span class='ocrx_word' id='word_1_150' title='bbox 1237 2559 1272 2616; x_wconf 88' lang='lat' dir='ltr'><strong>et</strong></span> 
     </span>
     <span class='ocr_line' id='line_1_23' title="bbox 204 2654 1272 2742; baseline -0.004 -18"><span class='ocrx_word' id='word_1_151' title='bbox 204 2657 345 2724; x_wconf 83' lang='lat' dir='ltr'><strong>Crusius</strong></span> <span class='ocrx_word' id='word_1_152' title='bbox 368 2654 564 2719; x_wconf 91' lang='lat' dir='ltr'><strong>haeserunt.</strong></span> <span class='ocrx_word' id='word_1_153' title='bbox 612 2654 680 2721; x_wconf 86' lang='lat' dir='ltr'><strong>Put</strong></span> <span class='ocrx_word' id='word_1_154' title='bbox 682 2655 789 2720; x_wconf 86' lang='lat' dir='ltr'><strong>abant</strong></span> <span class='ocrx_word' id='word_1_155' title='bbox 813 2656 908 2720; x_wconf 90' lang='lat' dir='ltr'><strong>enim</strong></span> <span class='ocrx_word' id='word_1_156' title='bbox 931 2654 1098 2720; x_wconf 87' lang='lat' dir='ltr'><strong>Babrium</strong></span> <span class='ocrx_word' id='word_1_157' title='bbox 1122 2655 1272 2742; x_wconf 88' lang='lat' dir='ltr'><strong>syllabas</strong></span> 
     </span>
     <span class='ocr_line' id='line_1_24' title="bbox 204 2760 1272 2847; baseline -0.002 -18"><span class='ocrx_word' id='word_1_158' title='bbox 204 2772 285 2831; x_wconf 91' lang='lat' dir='ltr'><strong>ante</strong></span> <span class='ocrx_word' id='word_1_159' title='bbox 309 2768 445 2827; x_wconf 89' lang='lat' dir='ltr'><strong>mutam</strong></span> <span class='ocrx_word' id='word_1_160' title='bbox 461 2782 542 2826; x_wconf 87' lang='lat' dir='ltr'><strong>eum</strong></span> <span class='ocrx_word' id='word_1_161' title='bbox 557 2760 692 2847; x_wconf 85' lang='lat' dir='ltr'><strong>liquida</strong></span> <span class='ocrx_word' id='word_1_162' title='bbox 716 2768 890 2847; x_wconf 81' lang='lat' dir='ltr'><strong>correptas</strong></span> <span class='ocrx_word' id='word_1_163' title='bbox 914 2762 1068 2846; x_wconf 82' lang='lat' dir='ltr'><strong>singulas</strong></span> <span class='ocrx_word' id='word_1_164' title='bbox 1091 2762 1206 2828; x_wconf 86' lang='lat' dir='ltr'><strong>versui</strong></span> <span class='ocrx_word' id='word_1_165' title='bbox 1220 2763 1272 2827; x_wconf 90' lang='lat' dir='ltr'><strong>in-</strong></span> 
     </span>
     <span class='ocr_line' id='line_1_25' title="bbox 204 2866 1271 2954; baseline -0.003 -18"><span class='ocrx_word' id='word_1_166' title='bbox 204 2871 359 2949; x_wconf 75' lang='lat' dir='ltr'><strong>seruisse,</strong></span> <span class='ocrx_word' id='word_1_167' title='bbox 396 2889 469 2933; x_wconf 91' lang='lat' dir='ltr'><strong>non</strong></span> <span class='ocrx_word' id='word_1_168' title='bbox 496 2867 622 2954; x_wconf 88' lang='lat' dir='ltr'><strong>plures.</strong></span> <span class='ocrx_word' id='word_1_169' title='bbox 669 2869 799 2952; x_wconf 86' lang='lat' dir='ltr'><strong>Legem</strong></span> <span class='ocrx_word' id='word_1_170' title='bbox 834 2866 988 2953; x_wconf 81' lang='lat' dir='ltr'><strong>prolecto</strong></span> <span class='ocrx_word' id='word_1_171' title='bbox 1023 2870 1161 2934; x_wconf 90' lang='lat' dir='ltr'><strong>miram!</strong></span> <span class='ocrx_word' id='word_1_172' title='bbox 1208 2867 1271 2933; x_wconf 91' lang='lat' dir='ltr'><strong>Ba·</strong></span> 
     </span>
     <span class='ocr_line' id='line_1_26' title="bbox 204 2972 1272 3060; baseline -0.001 -19"><span class='ocrx_word' id='word_1_173' title='bbox 204 2975 309 3053; x_wconf 84' lang='lat' dir='ltr'><strong>brius,</strong></span> <span class='ocrx_word' id='word_1_174' title='bbox 335 2995 441 3058; x_wconf 88' lang='lat' dir='ltr'><strong>quem</strong></span> <span class='ocrx_word' id='word_1_175' title='bbox 458 2972 670 3040; x_wconf 80' lang='lat' dir='ltr'><strong>Graecorum</strong></span> <span class='ocrx_word' id='word_1_176' title='bbox 693 2995 788 3039; x_wconf 91' lang='lat' dir='ltr'><strong>more</strong></span> <span class='ocrx_word' id='word_1_177' title='bbox 812 2981 995 3060; x_wconf 73' lang='lat' dir='ltr'><strong>poetarum</strong></span> <span class='ocrx_word' id='word_1_178' title='bbox 1019 2975 1168 3060; x_wconf 90' lang='lat' dir='ltr'><strong>syllabas</strong></span> <span class='ocrx_word' id='word_1_179' title='bbox 1192 2981 1272 3040; x_wconf 89' lang='lat' dir='ltr'><strong>ante</strong></span> 
     </span>
    </p>
   </div>
   <div class='ocr_carea' id='block_1_4' title="bbox 206 3168 1278 4042">
    <p class='ocr_par' dir='ltr' id='par_1_5' title="bbox 379 3168 1104 3239">
     <span class='ocr_line' id='line_1_27' title="bbox 379 3168 1104 3239; baseline 0.003 -17"><span class='ocrx_word' id='word_1_180' title='bbox 379 3168 477 3237; x_wconf 80' lang='grc' dir='ltr'><em>ἀπολῇ</em></span> <span class='ocrx_word' id='word_1_181' title='bbox 495 3172 556 3239; x_wconf 81' lang='grc' dir='ltr'><em>μετ’</em></span> <span class='ocrx_word' id='word_1_182' title='bbox 577 3174 672 3226; x_wconf 76' lang='grc' dir='ltr'><em>αὐτῶν</em></span> <span class='ocrx_word' id='word_1_183' title='bbox 690 3177 852 3237; x_wconf 79' lang='grc' dir='ltr'><em>τοιγαροῦν,</em></span> <span class='ocrx_word' id='word_1_184' title='bbox 871 3169 939 3239; x_wconf 62' lang='grc' dir='ltr'><strong>μεθ’</strong></span> <span class='ocrx_word' id='word_1_185' title='bbox 960 3169 1000 3225; x_wconf 85' lang='grc' dir='ltr'><strong>ὡν</strong></span> <span class='ocrx_word' id='word_1_186' title='bbox 1018 3169 1104 3238; x_wconf 77' lang='grc' dir='ltr'><em>ἥλως.</em></span> 
     </span>
    </p>

    <p class='ocr_par' dir='ltr' id='par_1_6' title="bbox 206 3258 1278 4042">
     <span class='ocr_line' id='line_1_28' title="bbox 212 3258 1274 3328; baseline -0.001 -16"><span class='ocrx_word' id='word_1_187' title='bbox 212 3262 350 3327; x_wconf 69' lang='lat' dir='ltr'><strong>{quocum</strong></span> <span class='ocrx_word' id='word_1_188' title='bbox 379 3259 514 3312; x_wconf 82' lang='lat' dir='ltr'><strong>conferas</strong></span> <span class='ocrx_word' id='word_1_189' title='bbox 538 3260 619 3326; x_wconf 90' lang='lat' dir='ltr'><strong>quod</strong></span> <span class='ocrx_word' id='word_1_190' title='bbox 647 3276 702 3313; x_wconf 89' lang='lat' dir='ltr'><strong>nos</strong></span> <span class='ocrx_word' id='word_1_191' title='bbox 731 3258 859 3313; x_wconf 83' lang='lat' dir='ltr'><strong>dicimus</strong></span> <span class='ocrx_word' id='word_1_192' title='bbox 889 3260 953 3313; x_wconf 82' lang='lat' dir='ltr'><strong>‘mit</strong></span> <span class='ocrx_word' id='word_1_193' title='bbox 971 3261 1126 3328; x_wconf 82' lang='lat' dir='ltr'><strong>gefangen,</strong></span> <span class='ocrx_word' id='word_1_194' title='bbox 1154 3258 1210 3311; x_wconf 92' lang='lat' dir='ltr'><strong>mit</strong></span> <span class='ocrx_word' id='word_1_195' title='bbox 1228 3274 1274 3326; x_wconf 85' lang='lat' dir='ltr'><strong>ge·</strong></span> 
     </span>
     <span class='ocr_line' id='line_1_29' title="bbox 206 3347 1275 3417; baseline 0.002 -17"><span class='ocrx_word' id='word_1_196' title='bbox 206 3349 343 3416; x_wconf 81' lang='lat' dir='ltr'><strong>hangen’]</strong></span> <span class='ocrx_word' id='word_1_197' title='bbox 364 3364 503 3415; x_wconf 86' lang='lat' dir='ltr'><strong>expressa</strong></span> <span class='ocrx_word' id='word_1_198' title='bbox 522 3353 630 3417; x_wconf 85' lang='lat' dir='ltr'><strong>pateat,</strong></span> <span class='ocrx_word' id='word_1_199' title='bbox 651 3350 679 3402; x_wconf 90' lang='lat' dir='ltr'><strong>ei</strong></span> <span class='ocrx_word' id='word_1_200' title='bbox 698 3364 765 3402; x_wconf 88' lang='lat' dir='ltr'><strong>meo</strong></span> <span class='ocrx_word' id='word_1_201' title='bbox 776 3351 840 3403; x_wconf 90' lang='lat' dir='ltr'><strong>iure</strong></span> <span class='ocrx_word' id='word_1_202' title='bbox 853 3350 926 3402; x_wconf 88' lang='lat' dir='ltr'><strong>haee</strong></span> <span class='ocrx_word' id='word_1_203' title='bbox 939 3349 1064 3401; x_wconf 89' lang='lat' dir='ltr'><strong>videbor</strong></span> <span class='ocrx_word' id='word_1_204' title='bbox 1076 3347 1275 3416; x_wconf 87' lang='lat' dir='ltr'><strong>respondisse.</strong></span> 
     </span>
     <span class='ocr_line' id='line_1_30' title="bbox 209 3435 1275 3505; baseline 0.001 -16"><span class='ocrx_word' id='word_1_205' title='bbox 209 3438 340 3490; x_wconf 84' lang='lat' dir='ltr'><strong>Primum</strong></span> <span class='ocrx_word' id='word_1_206' title='bbox 360 3453 449 3490; x_wconf 85' lang='lat' dir='ltr'><strong>causa</strong></span> <span class='ocrx_word' id='word_1_207' title='bbox 468 3454 529 3490; x_wconf 91' lang='lat' dir='ltr'><strong>non</strong></span> <span class='ocrx_word' id='word_1_208' title='bbox 549 3444 594 3490; x_wconf 88' lang='lat' dir='ltr'><strong>est</strong></span> <span class='ocrx_word' id='word_1_209' title='bbox 613 3454 656 3505; x_wconf 91' lang='lat' dir='ltr'><strong>ea,</strong></span> <span class='ocrx_word' id='word_1_210' title='bbox 685 3442 719 3490; x_wconf 88' lang='lat' dir='ltr'><strong>ut</strong></span> <span class='ocrx_word' id='word_1_211' title='bbox 738 3454 840 3491; x_wconf 86' lang='lat' dir='ltr'><strong>versus</strong></span> <span class='ocrx_word' id='word_1_212' title='bbox 861 3437 895 3491; x_wconf 89' lang='lat'><strong>13</strong></span> <span class='ocrx_word' id='word_1_213' title='bbox 915 3442 944 3490; x_wconf 91' lang='lat' dir='ltr'><strong>et</strong></span> <span class='ocrx_word' id='word_1_214' title='bbox 964 3435 998 3490; x_wconf 85' lang='lat'><strong>14</strong></span> <span class='ocrx_word' id='word_1_215' title='bbox 1026 3438 1128 3489; x_wconf 89' lang='lat' dir='ltr'><strong>sensui</strong></span> <span class='ocrx_word' id='word_1_216' title='bbox 1155 3438 1275 3491; x_wconf 87' lang='lat' dir='ltr'><strong>fabulae</strong></span> 
     </span>
     <span class='ocr_line' id='line_1_31' title="bbox 208 3525 1275 3595; baseline 0.001 -18"><span class='ocrx_word' id='word_1_217' title='bbox 208 3525 500 3578; x_wconf 81' lang='lat' dir='ltr'><strong>accomodatissimos</strong></span> <span class='ocrx_word' id='word_1_218' title='bbox 520 3526 629 3581; x_wconf 89' lang='lat' dir='ltr'><strong>deleas.</strong></span> <span class='ocrx_word' id='word_1_219' title='bbox 666 3527 791 3595; x_wconf 87' lang='lat' dir='ltr'><strong>Deinde,</strong></span> <span class='ocrx_word' id='word_1_220' title='bbox 811 3527 843 3581; x_wconf 92' lang='lat' dir='ltr'><strong>id</strong></span> <span class='ocrx_word' id='word_1_221' title='bbox 863 3526 944 3593; x_wconf 89' lang='lat' dir='ltr'><strong>quod</strong></span> <span class='ocrx_word' id='word_1_222' title='bbox 954 3526 1073 3593; x_wconf 89' lang='lat' dir='ltr'><strong>gravius</strong></span> <span class='ocrx_word' id='word_1_223' title='bbox 1084 3531 1136 3593; x_wconf 84' lang='lat' dir='ltr'><strong>est,</strong></span> <span class='ocrx_word' id='word_1_224' title='bbox 1152 3541 1275 3580; x_wconf 87' lang='lat' dir='ltr'><strong>neeesse</strong></span> 
     </span>
     <span class='ocr_line' id='line_1_32' title="bbox 207 3613 1276 3684; baseline 0.002 -18"><span class='ocrx_word' id='word_1_225' title='bbox 207 3613 325 3668; x_wconf 85' lang='lat' dir='ltr'><strong>videtur</strong></span> <span class='ocrx_word' id='word_1_226' title='bbox 352 3620 510 3682; x_wconf 83' lang='lat' dir='ltr'><strong>praecepto</strong></span> <span class='ocrx_word' id='word_1_227' title='bbox 538 3616 643 3668; x_wconf 87' lang='lat' dir='ltr'><strong>morali</strong></span> <span class='ocrx_word' id='word_1_228' title='bbox 672 3632 709 3668; x_wconf 90' lang='lat' dir='ltr'><strong>ex</strong></span> <span class='ocrx_word' id='word_1_229' title='bbox 736 3617 840 3669; x_wconf 84' lang='lat' dir='ltr'><strong>fabula</strong></span> <span class='ocrx_word' id='word_1_230' title='bbox 867 3615 961 3684; x_wconf 87' lang='lat' dir='ltr'><strong>petito</strong></span> <span class='ocrx_word' id='word_1_231' title='bbox 990 3614 1104 3668; x_wconf 84' lang='lat' dir='ltr'><strong>discere</strong></span> <span class='ocrx_word' id='word_1_232' title='bbox 1132 3632 1187 3668; x_wconf 90' lang='lat' dir='ltr'><strong>nos</strong></span> <span class='ocrx_word' id='word_1_233' title='bbox 1215 3632 1276 3668; x_wconf 92' lang='lat' dir='ltr'><strong>non</strong></span> 
     </span>
     <span class='ocr_line' id='line_1_33' title="bbox 208 3704 1277 3772; baseline 0 -16"><span class='ocrx_word' id='word_1_234' title='bbox 208 3706 305 3758; x_wconf 88' lang='lat' dir='ltr'><strong>solum</strong></span> <span class='ocrx_word' id='word_1_235' title='bbox 325 3721 393 3757; x_wconf 87' lang='lat' dir='ltr'><strong>eum</strong></span> <span class='ocrx_word' id='word_1_236' title='bbox 411 3705 520 3770; x_wconf 89' lang='lat' dir='ltr'><strong>quibus</strong></span> <span class='ocrx_word' id='word_1_237' title='bbox 541 3705 620 3772; x_wconf 86' lang='lat' dir='ltr'><strong>eapti</strong></span> <span class='ocrx_word' id='word_1_238' title='bbox 638 3706 732 3759; x_wconf 89' lang='lat' dir='ltr'><strong>simus</strong></span> <span class='ocrx_word' id='word_1_239' title='bbox 753 3723 821 3759; x_wconf 87' lang='lat' dir='ltr'><strong>eum</strong></span> <span class='ocrx_word' id='word_1_240' title='bbox 839 3705 949 3758; x_wconf 88' lang='lat' dir='ltr'><strong>iisdem</strong></span> <span class='ocrx_word' id='word_1_241' title='bbox 967 3720 1023 3757; x_wconf 92' lang='lat' dir='ltr'><strong>nos</strong></span> <span class='ocrx_word' id='word_1_242' title='bbox 1047 3704 1203 3771; x_wconf 66' lang='lat' dir='ltr'><strong>perituros</strong></span> <span class='ocrx_word' id='word_1_243' title='bbox 1223 3704 1277 3757; x_wconf 89' lang='lat' dir='ltr'><strong>sed</strong></span> 
     </span>
     <span class='ocr_line' id='line_1_34' title="bbox 209 3792 1277 3864; baseline 0 -18"><span class='ocrx_word' id='word_1_244' title='bbox 209 3795 299 3847; x_wconf 88' lang='lat' dir='ltr'><strong>etiam</strong></span> <span class='ocrx_word' id='word_1_245' title='bbox 318 3795 373 3847; x_wconf 87' lang='lat' dir='ltr'><strong>hae</strong></span> <span class='ocrx_word' id='word_1_246' title='bbox 392 3794 424 3846; x_wconf 93' lang='lat' dir='ltr'><strong>in</strong></span> <span class='ocrx_word' id='word_1_247' title='bbox 444 3810 475 3846; x_wconf 87' lang='lat' dir='ltr'><strong>re</strong></span> <span class='ocrx_word' id='word_1_248' title='bbox 499 3795 576 3848; x_wconf 91' lang='lat' dir='ltr'><strong>nihil</strong></span> <span class='ocrx_word' id='word_1_249' title='bbox 604 3796 757 3864; x_wconf 87' lang='lat' dir='ltr'><strong>interesse,</strong></span> <span class='ocrx_word' id='word_1_250' title='bbox 786 3801 887 3848; x_wconf 84' lang='lat' dir='ltr'><strong>utrum</strong></span> <span class='ocrx_word' id='word_1_251' title='bbox 915 3809 975 3847; x_wconf 91' lang='lat' dir='ltr'><strong>una</strong></span> <span class='ocrx_word' id='word_1_252' title='bbox 1004 3808 1072 3846; x_wconf 87' lang='lat' dir='ltr'><strong>eum</strong></span> <span class='ocrx_word' id='word_1_253' title='bbox 1100 3792 1160 3845; x_wconf 89' lang='lat' dir='ltr'><strong>illis</strong></span> <span class='ocrx_word' id='word_1_254' title='bbox 1189 3793 1277 3846; x_wconf 83' lang='lat' dir='ltr'><strong>detri-</strong></span> 
     </span>
     <span class='ocr_line' id='line_1_35' title="bbox 208 3881 1278 3952; baseline -0.001 -17"><span class='ocrx_word' id='word_1_255' title='bbox 208 3887 344 3936; x_wconf 84' lang='lat' dir='ltr'><strong>mentum</strong></span> <span class='ocrx_word' id='word_1_256' title='bbox 362 3883 525 3936; x_wconf 83' lang='lat' dir='ltr'><strong>inferamus</strong></span> <span class='ocrx_word' id='word_1_257' title='bbox 546 3885 612 3937; x_wconf 87' lang='lat' dir='ltr'><strong>aliis</strong></span> <span class='ocrx_word' id='word_1_258' title='bbox 631 3902 735 3952; x_wconf 87' lang='lat' dir='ltr'><strong>neena,</strong></span> <span class='ocrx_word' id='word_1_259' title='bbox 755 3884 788 3937; x_wconf 90' lang='lat' dir='ltr'><strong>id</strong></span> <span class='ocrx_word' id='word_1_260' title='bbox 807 3882 888 3950; x_wconf 90' lang='lat' dir='ltr'><strong>quod</strong></span> <span class='ocrx_word' id='word_1_261' title='bbox 907 3881 1064 3949; x_wconf 87' lang='lat' dir='ltr'><strong>epimythii</strong></span> <span class='ocrx_word' id='word_1_262' title='bbox 1083 3897 1172 3935; x_wconf 88' lang='lat' dir='ltr'><strong>versu</strong></span> <span class='ocrx_word' id='word_1_263' title='bbox 1185 3884 1278 3935; x_wconf 87' lang='lat' dir='ltr'><strong>altero</strong></span> 
     </span>
     <span class='ocr_line' id='line_1_36' title="bbox 209 3969 753 4042; baseline 0 -17"><span class='ocrx_word' id='word_1_264' title='bbox 209 3969 265 4025; x_wconf 83' lang='grc' dir='ltr'><strong>κᾶν</strong></span> <span class='ocrx_word' id='word_1_265' title='bbox 282 3971 374 4038; x_wconf 77' lang='grc' dir='ltr'><em>μηδὲν</em></span> <span class='ocrx_word' id='word_1_266' title='bbox 393 3970 454 4026; x_wconf 78' lang='grc' dir='ltr'><em>κτλ.</em></span> <span class='ocrx_word' id='word_1_267' title='bbox 474 3974 550 4026; x_wconf 88' lang='lat' dir='ltr'><strong>bene</strong></span> <span class='ocrx_word' id='word_1_268' title='bbox 571 3975 753 4042; x_wconf 86' lang='lat' dir='ltr'><strong>exprimitur.</strong></span> 
     </span>
    </p>
   </div>
   <div class='ocr_carea' id='block_1_5' title="bbox 315 4058 1278 4130">
    <p class='ocr_par' dir='ltr' id='par_1_7' title="bbox 315 4058 1278 4130">
     <span class='ocr_line' id='line_1_37' title="bbox 315 4058 1278 4130; baseline -0.004 -16"><span class='ocrx_word' id='word_1_269' title='bbox 315 4059 350 4128; x_wconf 69' lang='grc'><strong>69)</strong></span> <span class='ocrx_word' id='word_1_270' title='bbox 371 4062 406 4115; x_wconf 81' lang='lat' dir='ltr'><strong>et.</strong></span> <span class='ocrx_word' id='word_1_271' title='bbox 426 4063 533 4117; x_wconf 85' lang='lat' dir='ltr'><strong>Eberh.</strong></span> <span class='ocrx_word' id='word_1_272' title='bbox 554 4065 617 4117; x_wconf 90' lang='lat' dir='ltr'><strong>obs.</strong></span> <span class='ocrx_word' id='word_1_273' title='bbox 636 4061 724 4117; x_wconf 89' lang='lat' dir='ltr'><strong>Babr.</strong></span> <span class='ocrx_word' id='word_1_274' title='bbox 743 4077 808 4130; x_wconf 84' lang='lat' dir='ltr'><strong>pag.</strong></span> <span class='ocrx_word' id='word_1_275' title='bbox 830 4058 871 4127; x_wconf 87' lang='lat'><strong>11,</strong></span> <span class='ocrx_word' id='word_1_276' title='bbox 892 4059 974 4113; x_wconf 87' lang='lat' dir='ltr'><strong>Orus.</strong></span> <span class='ocrx_word' id='word_1_277' title='bbox 995 4059 1105 4127; x_wconf 84' lang='lat' dir='ltr'><strong>proleg.</strong></span> <span class='ocrx_word' id='word_1_278' title='bbox 1124 4074 1189 4127; x_wconf 83' lang='lat' dir='ltr'><strong>pag.</strong></span> <span class='ocrx_word' id='word_1_279' title='bbox 1201 4059 1278 4111; x_wconf 87' lang='lat' dir='ltr'><strong>LIX.</strong></span> 
     </span>
    </p>
   </div>
   <div class='ocr_carea' id='block_1_6' title="bbox 0 0 1483 4786">
    <p class='ocr_par' dir='ltr' id='par_1_8' title="bbox 0 0 1483 4786">
     <span class='ocr_line' id='line_1_38' title="bbox 0 0 1483 4786; baseline 0 0"><span class='ocrx_word' id='word_1_280' title='bbox 0 0 1483 4786; x_wconf 95' lang='lat' dir='ltr'><strong> </strong></span> 
     </span>
    </p>
   </div>
  </div>
 </body>
</html>
