2924 4786
597 249 774 312 „41-

153 425 246 490 itiam
272 425 504 491 elocutionem
529 447 696 512 usurpare
713 447 785 493 non
801 428 957 512 potuisse
974 426 1220 494 difficillimum

153 542 204 597 ost
219 553 282 618 pro
299 541 391 598 certo
408 531 592 612 affirmare,
609 535 638 598 is
654 543 706 599 est
722 533 879 612 Babrius,
899 538 1015 620 ‘quom
1031 535 1221 607 vocabulis,

154 638 282 719 fonnis,
330 640 641 725 compositionibus
681 641 834 726 antiquis
872 642 1009 707 novicia
1048 651 1082 708 et
1121 644 1222 727 quasi

154 745 336 810 discoloria
360 747 628 812 commiscuisso'
647 748 736 811 intor
759 768 881 813 omnes
896 749 988 814 viros
1006 748 1126 813 doctos
1143 768 1222 812 con-

156 853 258 929 mnit,
284 854 343 937 qui
369 853 512 938 quidam
537 855 611 918 eius
635 875 830 919 sermono-m
854 855 1059 941 perscrutati
1083 853 1223 933 sint⁷⁸⁸t

158 960 228 1023 iarn
253 980 332 1024 voro
358 959 454 1044 quod
478 961 602 1026 attinet
622 959 667 1025 ad
683 961 757 1026 aod.
776 960 815 1026 A.
834 962 1040 1048 scripturam
1059 961 1223 1044 ἐκφορου-

155 1068 260 1150 μένης
284 1066 445 1131 nonnulli
468 1067 532 1132 viri
556 1067 648 1132 docti
673 1069 880 1133 coniecturis
903 1068 1019 1133 locum
1042 1067 1222 1133 dedorunt.

156 1173 373 1259 seripserunt
397 1181 514 1239 autem
540 1173 797 1249 Boissonadius,
823 1174 1223 1259 oremus-Baiterusque,

158 1280 305 1344 Weisius
340 1281 377 1344 in
408 1280 620 1347 aditionibus
644 1280 945 1365 &upopovprvnth
969 1281 1027 1364 (ad
1051 1281 1152 1365 εὐχὴν
1175 1283 1224 1345 1·οέ

157 1386 289 1465 latum),
314 1387 505 1453 Ahronsius
529 1389 792 1472 ἐμφορουμέυης
808 1388 875 1472 (da
892 1389 979 1454 crasi
995 1397 1029 1453 et
1045 1388 1225 1474 aphaorosi

157 1517 236 1559 rum
274 1495 452 1560 corollario
488 1495 775 1563 emendationum
812 1495 1074 1561 Babrianarum'
1111 1496 1225 1578 (1845)

158 1623 233 1687 pag.
252 1602 318 1681 30),
335 1602 584 1667 Lachmannus
600 1601 888 1686 ἑκφοβουμέυους,
903 1603 1070 1668 Lowisius
1085 1603 1224 1668 Monam

157 1719 297 1774 secutus
328 1709 658 1792 iapooooptroog,⁸⁰)
689 1709 913 1775 Gitlbauerus
935 1711 983 1793 μὴ
1009 1711 1227 1794 φορουμένης

159 1830 273 1887 (versu
297 1814 423 1881 collato
447 1813 515 1880 fab.
541 1816 572 1892 6,
585 1815 617 1892 4,
642 1814 704 1880 ubi
728 1815 801 1885 ood.
825 1814 864 1880 A.
891 1817 928 1881 ἐκ
951 1836 1014 1901 pro
1039 1817 1080 1882 οὐ
1096 1816 1225 1899 habet).

162 1923 280 2006 Neque
308 1932 426 1986 tamen
451 1921 521 1987 ulla
545 1944 588 1986 ex
611 1922 665 1986 his
689 1923 896 1987 coniecturis
920 1925 1111 1988 necessaria
1134 1921 1227 1988 vido·

158 2042 224 2107 tur,
243 2049 458 2113 quamquam
475 2030 753 2112 ἐκφορουμὲνους
768 2029 927 2094 omnium
943 2029 1046 2112 longa
1059 2029 1226 2114 optimam

160 2154 301 2201 musso:
338 2156 377 2200 ao
414 2156 477 2200 suo
511 2136 586 2200 iure
609 2134 753 2200 Orusius
776 2135 850 2200 cod.
876 2135 915 2200 A.
942 2137 1146 2221 scripturam
1172 2134 1227 2212 de-

160 2241 280 2311 fundit,
306 2243 366 2326 qui
390 2243 646 2326 ἐκφορούμευος
668 2243 745 2308 roei
760 2243 832 2308 vim
857 2241 1126 2328 ‘prorumpendi'
1149 2242 1228 2307 sub-

161 2372 234 2414 esse
258 2350 396 2415 monuit
420 2349 514 2432 (odit.
540 2370 618 2434 pag.
644 2350 709 2433 28).
769 2349 825 2415 Sic
848 2369 930 2414 raro
953 2348 1228 2432 intellegendum

161 2478 235 2520 osso
260 2456 292 2520 h.
318 2456 339 2520 1.
365 2456 572 2539 ἐκφέρεσθαι
595 2456 740 2522 verbum
765 2456 992 2543 paraphrasta
1016 2455 1230 2520 Bodleianus

162 2562 271 2641 docet,
315 2563 377 2647 qui
415 2564 662 2648 interpretatus
703 2572 755 2628 est
797 2562 863 2628 ‘otri
904 2563 967 2645 τὴν
1008 2561 1096 2643 πρὸς
1135 2560 1231 2641 ὥραν

163 2669 418 2753 συμβαίνουσαν
456 2670 590 2754 λύπην.
635 2669 759 2734 Sensui
802 2669 953 2753 danique
988 2665 1128 2732 fabulas
1163 2666 1230 2731 hoo

163 2776 394 2862 opimythium
437 2776 704 2842 accomodatum
746 2784 805 2840 ost.
870 2774 1092 2860 Quamquam
1136 2775 1230 2838 enim

164 2883 338 2949 interdum
374 2881 450 2949 fiori
484 2893 608 2971 potest,
645 2893 685 2949 ut
712 2905 754 2949 ax
777 2904 850 2947 una
873 2880 993 2946 fabula
1016 2881 1132 2967 plures
1156 2902 1230 2945 sen-

162 2991 291 3056 tentiae
315 3000 489 3077 potantur,
503 2992 593 3057 hano
617 3002 736 3057 tamen
760 2990 882 3076 ipsam,
908 3009 1015 3074 quam
1040 2988 1113 3053 eod.
1132 2987 1171 3052 A.
1197 2997 1233 3052 et

164 3097 382 3183 paraphrasis
395 3098 585 3164 Bodleiano
597 3097 774 3184 praebant,
792 3094 1081 3162 affabulationom
1098 3095 1231 3179 aptissi-

165 3225 258 3269 mam
294 3227 367 3269 osse
403 3206 482 3289 quis
517 3212 578 3281 ost,
616 3205 676 3289 qui
704 3205 823 3287 negot!
850 3202 997 3268 Babrius
1021 3201 1085 3266 har
1112 3199 1232 3264 fabula

165 3372 377 3417 testamentum
406 3365 596 3432 soripserunt,
625 3366 720 3418 multa
748 3365 895 3416 sermonis
923 3363 1032 3415 habere
1062 3359 1234 3413 communia

166 3455 211 3507 vel
231 3455 343 3506 similia
362 3454 560 3507 Schneiderus
579 3455 692 3521 primus
711 3454 872 3520 explicavit
891 3453 921 3517 (1.
941 3454 959 3505 l.
975 3467 1038 3518 pag,
1051 3449 1124 3515 531),
1144 3449 1232 3501 Eber-

165 3543 286 3596 nardius
313 3546 388 3609 (obs.
416 3560 481 3611 pag.
503 3542 594 3612 l5s'16t
624 3549 654 3595 et
680 3543 876 3596 Zachariaeus
905 3542 935 3606 tl.
954 3542 973 3594 1.
992 3555 1057 3607 pag.
1077 3539 1123 3601 24)
1151 3555 1233 3605 argu·

165 3634 274 3685 mentis
294 3634 397 3686 multis
417 3644 446 3686 et
465 3634 610 3697 exemplis
630 3633 885 3686 ronfirmaverunt
898 3632 1233 3697 comprobaveruntqno.

272 3720 319 3785 7⁸⁸)
339 3724 375 3775 rt.
387 3724 493 3776 Eberh.
505 3725 568 3776 obs.
583 3738 646 3788 pag.
659 3720 700 3786 17,
713 3721 882 3773 Zarhariaai
893 3719 1135 3772 dissertationem
1146 3732 1236 3783 supra

167 3811 326 3878 laudatam,
346 3814 442 3865 t'rusii
463 3814 534 3879 prol.
555 3827 619 3878 pag.
639 3809 824 3874 xxvlllsq.

273 3899 308 3964 ²⁹)
329 3903 416 3954 vertit
435 3900 663 3954 Boissonadius:
684 3899 878 3952 ‘inconsultas
897 3914 957 3951 non
978 3914 1042 3949 osso
1062 3895 1120 3948 diis
1139 3895 1234 3946 faron·

167 3990 221 4043 (ias
235 4009 345 4059 prorsa,
365 4009 439 4058 quas
458 4008 599 4059 praesens
619 3989 761 4043 offuderit
780 3988 883 4044 dolor.'

273 4082 308 4148 ffl)
329 4099 418 4149 quam
447 4081 585 4151 probavit
613 4082 676 4148 ipso
700 4094 818 4146 quoquo
838 4078 993 4145 Maehlyus
1013 4077 1030 4128 1.
1052 4077 1070 4128 l.
1089 4090 1154 4142 pag.
1174 4071 1236 4126 312.
