2924 4786
639 289 816 353 „18-

193 489 270 553 pag.
285 468 350 551 62).
381 467 518 532 Deinde
541 468 579 531 in
604 472 759 551 correpta
783 465 894 531 vocali
917 489 933 531 ε
957 473 1037 531 ante
1061 465 1109 532 ὕν
1131 466 1267 532 litteras

195 575 340 656 (invoca
356 573 455 658 ἔῦιιη)
472 594 545 638 non
562 580 623 652 est,
641 594 798 638 curcum
815 573 1028 639 Eberhardio
1045 573 1264 640 haereamus,

197 679 361 747 Babrium
385 682 479 746 enirn
504 680 756 765 eorreptionem
771 679 877 759 illam,
902 702 992 765 quae
1005 687 1158 759 vocatur,
1176 679 1266 747 Atti-

194 808 270 852 cam
294 808 481 873 usurpasse
505 808 578 851 non
603 786 717 852 solum
742 793 822 852 ante
847 794 982 852 mutam
1005 787 1156 853 litteram
1181 810 1265 852 cunr

195 900 272 975 oet
295 893 316 958 λ
339 893 401 958 sed
425 894 529 958 etiam
564 893 741 958 interdum
773 914 853 958 cum
877 916 903 976 μ
926 901 959 959 et
982 917 1002 958 ν
1025 894 1147 960 litteris
1184 915 1266 959 eon-

193 1001 350 1065 iunctam
374 998 502 1065 fabulis
525 1001 686 1065 lectitatis
710 998 810 1066 facile
838 998 1048 1084 mvemesssb
1107 1000 1266 1066 Similem

195 1127 274 1172 vero
300 1114 406 1192 atque
430 1107 522 1172 hanc
559 1107 811 1192 eorreptionem
845 1105 993 1189 legimus
1028 1109 1066 1171 in
1101 1106 1169 1172 lab.
1197 1108 1265 1172 129
1358 1134 1362 1142 ⁴

194 1237 224 1287 v„
250 1215 270 1278 8
306 1213 401 1296 παρὰ
432 1194 602 1298 oderetur,
627 1235 715 1298 quas
739 1213 883 1278 alteram
918 1214 961 1278 ab
992 1214 1098 1279 altera
1122 1212 1266 1279 delendi

194 1343 308 1406 neque
334 1343 353 1386 a
377 1320 505 1386 Bebrio
530 1320 781 1386 abiudieandas
806 1340 878 1385 esse
909 1321 983 1406 ipse
1008 1319 1148 1386 Crusius
1185 1341 1265 1386 eon-

194 1428 296 1493 cessit
331 1427 470 1514 (proleg.
507 1449 585 1513 pag.
610 1427 712 1511 LIX).
769 1426 815 1492 At
851 1448 941 1510 quae
976 1427 1189 1493 Eberhardio
1225 1423 1273 1492 in

194 1537 340 1599 versui
377 1534 618 1620 displicebant,
655 1540 689 1599 et
722 1533 820 1617 ὕβρις
858 1533 1028 1618 producta
1066 1533 1190 1599 ultima
1229 1542 1265 1599 et

194 1641 386 1723 προσγελᾶιι
401 1640 568 1705 irridendi
585 1639 837 1724 significatione
855 1639 997 1720 dietum,
1023 1641 1128 1724 digna
1144 1640 1264 1706 viden-

194 1756 259 1827 tur,
286 1768 376 1832 quae
399 1748 571 1833 respicias
620 1747 776 1812 Primum
812 1747 906 1812 enlm
940 1746 1147 1833 productam
1172 1771 1183 1811 ι
1205 1769 1265 1812 ro-

195 1853 305 1918 caleni
329 1855 424 1919 vocis
447 1852 554 1938 ὕβρις,
591 1875 807 1939 quamquam
832 1853 1000 1918 Babrium
1023 1872 1125 1919 voces
1161 1875 1264 1938 quas-

195 1960 276 2025 dam
299 1961 347 2025 ita
372 1960 572 2026 adhibuisse
608 1981 680 2026 non
715 1961 847 2045 ignom,
871 1967 912 2025 ut
934 1960 1071 2026 vocales
1095 1960 1265 2045 ancipites

195 2090 227 2147 u,
254 2091 273 2146 ι,
298 2089 319 2132 o
343 2066 450 2132 modo
475 2069 659 2154 corriperet
682 2067 788 2132 modo
812 2067 1028 2153 produceret,
1052 2074 1172 2133 tamen
1195 2066 1264 2133 hoe

195 2174 356 2260 ancipitis
380 2174 564 2259 prosodiae
592 2197 660 2239 usu
687 2175 745 2240 vix
774 2173 915 2239 delendi
938 2195 1039 2261 posse
1070 2194 1173 2238 nemo
1204 2197 1264 2239 ne·

194 2281 298 2363 gabit.
332 2279 448 2362 Quam
464 2280 508 2344 ob
526 2302 599 2345 rem
615 2282 680 2346 viri
696 2279 790 2345 docti
806 2280 960 2365 quidam,
978 2288 1018 2346 ut
1033 2280 1127 2346 vocis
1138 2278 1236 2362 ὕβρις
1253 2305 1264 2347 ι

193 2387 344 2452 litteram
366 2386 524 2452 vocalem
547 2393 672 2452 natura
700 2387 841 2452 brevem
867 2389 1049 2473 positione,
1077 2408 1185 2472 quam
1214 2387 1264 2451 di-

195 2500 287 2573 eunt,
301 2494 542 2579 producerent,
567 2493 605 2558 id
628 2493 724 2578 quod
747 2493 816 2559 hoe
837 2494 913 2560 loeo
930 2475 1039 2559 metro
1056 2493 1262 2580 postulatur,

193 2622 229 2682 γε
263 2601 472 2686 particulam
504 2600 595 2666 inter
618 2601 723 2666 verba
758 2599 855 2685 ὕβρις
890 2608 924 2666 et
958 2600 1101 2667 ἐιιέλῦοι
1127 2601 1265 2666 interici

195 2706 379 2772 voluerunt
393 2705 504 2793 (ὕβρις
516 2709 543 2788 γ’
561 2706 729 2795 terreor).
757 2707 892 2773 Deinde
904 2707 1042 2774 videtur
1055 2729 1138 2787 esse,
1153 2707 1264 2773 curin

194 2813 299 2879 verbo
319 2813 544 2897 ιιροσγελῶσα
563 2812 840 2898 οὕθιιᾶριῑιιιε.40)
884 2813 961 2879 Sive
982 2814 1076 2878 enim
1093 2812 1261 2878 ‘arridere'

194 2919 260 2985 hoc
294 2920 370 2985 loco
402 2927 454 2986 est
484 2919 718 3005 προσγελᾶν41)
747 2922 818 2988 sire
843 2919 1013 2997 irridere,
1039 2919 1136 3003 quod
1158 2919 1264 2983 Eber-

302 3131 335 3203 39)
356 3135 479 3200 longum
499 3135 591 3188 esth.
611 3134 629 3188 l.
650 3151 753 3187 omnes
783 3132 931 3188 eiusmodi
960 3134 1161 3200 correptiones
1191 3149 1263 3185 enu-

194 3238 322 3287 merare,
352 3221 406 3274 sed
433 3222 511 3290 vide,
541 3239 616 3289 quae
645 3224 700 3276 hac
720 3223 757 3276 de
777 3241 808 3276 re
827 3222 979 3276 Nauckius
1003 3220 1123 3292 (Philol.
1143 3223 1199 3275 vol.
1221 3223 1262 3273 VI

194 3328 222 3376 p.
241 3310 294 3363 405
305 3310 368 3381 sq.),
396 3312 597 3368 Eberhardius
617 3314 692 3382 (obs,
711 3313 784 3367 Bab.
804 3329 869 3380 pag.
890 3311 935 3377 11;
957 3312 1002 3366 ed.
1021 3313 1112 3381 praef.
1132 3328 1198 3380 pag.
1216 3310 1264 3381 V),

195 3401 317 3452 (trusius
337 3399 458 3469 (proleg.
479 3418 543 3468 pag.
564 3403 671 3472 LVIII)
691 3403 923 3468 explicaverunt.

300 3486 336 3559 40)
354 3506 416 3542 non
440 3491 569 3545 offendit
592 3491 853 3556 Zachariaeus,
882 3489 935 3554 qui
964 3488 1053 3541 huius
1072 3489 1156 3541 verbi
1174 3504 1263 3538 usum

196 3578 378 3644 comparavit
398 3596 464 3631 eum
485 3582 551 3633 aliis
571 3581 695 3634 vocibus
724 3579 884 3631 serioribus
913 3576 1107 3642 scriptoribus
1129 3575 1264 3640 usitatio,

195 3667 231 3720 ci.
252 3666 297 3720 ‘de
318 3667 449 3721 dictione
469 3669 626 3723 Bebriana'
647 3668 718 3721 diss,
738 3668 817 3733 Lips.
837 3665 931 3736 (1875)
950 3681 1015 3733 pag.
1037 3663 1078 3718 15.

300 3754 336 3826 41)
355 3761 388 3809 ut
412 3761 561 3811 vertentes
592 3758 719 3824 legimus
750 3755 1041 3808 Boissonadium
1072 3754 1190 3805 ‘iniuria
1213 3753 1263 3805 ad·
1301 3741 1305 3747 ’

195 3844 313 3912 ridens,
342 3847 624 3914 Hertzbergium
653 3845 710 3898 ‘die
737 3844 864 3910 Hoffart,
885 3843 933 3896 die
953 3842 1010 3895 den
1031 3843 1124 3896 Pbbel
1143 3842 1265 3896 freund-

194 3934 255 3988 lich
275 3936 442 4003 anltchelt',
461 3936 495 3989 Α.
509 3937 541 3990 F.
555 3936 672 3988 Ribbe
682 3934 807 3986 okium
821 3932 1098 3999 ‘Rechtskrankung
1110 3933 1146 4002 (l)
1159 3931 1264 3984 schlau

194 4023 276 4075 beim
294 4024 372 4077 Volk
400 4025 465 4077 sloh
485 4020 778 4077 einsehmeichelnd’.
816 4019 966 4090 (simIIIter
985 4024 1136 4073 auctorem
1156 4020 1267 4072 ‘brevis

196 4113 428 4179 explicationis':
449 4115 547 4180 ‘vulgo
566 4111 725 4165 blandiens
746 4109 888 4181 Iniuria'.)
