2924 4786
686 273 884 337 --roe-

250 459 411 529 mannus,
441 452 617 529 Leuisius
651 449 935 518 Schneidewinus
967 451 1045 535 alii).
1097 450 1317 538 Anapaestus

250 559 343 622 enim
371 558 547 623 invenitur
581 559 618 622 in
647 557 799 622 secundo
827 579 947 623 versus
981 558 1069 644 pede
1106 558 1160 624 ὁιά
1188 559 1316 642 καιρόν,

251 687 356 748 quem
370 670 409 729 ut
420 664 564 742 tolleret,
583 663 833 730 Boissonadius
844 666 1112 752 transpositione
1127 665 1315 731 >verborum

250 771 406 836 adhibita
419 772 568 857 scripsit:
584 771 639 836 διὰ
655 771 773 852 καιρὸν
786 773 911 855 ἰσχύων
924 792 956 838 τι
966 772 1085 855 μηδεὶς
1096 773 1314 855 γαυρούσϋω.

250 878 318 943 Sed
341 899 468 956 vereor,
494 901 538 942 ne
566 878 622 944 hic
651 898 770 943 versus
800 899 821 943 a
844 878 1073 945 Boissonadio
1100 880 1316 965 <compositus

250 986 373 1050 criticis
397 986 455 1063 eis,
481 986 542 1069 qui
558 992 747 1070 anapaesto
770 985 808 1049 in
824 985 930 1050 altera
954 1007 1073 1051 versus
1098 986 1178 1051 sede
1202 988 1315 1072 posito

249 1090 481 1169 offenderunt,
506 1112 578 1156 non
602 1093 712 1175 magis
747 1090 881 1176 placeat
909 1113 1146 1177 quamquem
1177 1092 1316 1158 exhibet

249 1196 323 1262 cod.
349 1197 388 1261 A.
436 1197 685 1264 Boissonadius
721 1199 823 1277 enim,
856 1200 917 1283 qui
939 1201 978 1264 in
1009 1199 1162 1265 secundo
1196 1220 1315 1266 versus

248 1305 336 1390 pede
353 1313 582 1391 anapaestum
599 1303 731 1389 effugit,
749 1306 946 1391 spondeum
961 1305 1079 1372 intulit
1094 1305 1176 1393 pedi
1192 1307 1315 1391 quinto

249 1413 439 1478 editoribus
480 1413 583 1496 longe
627 1413 784 1498 plurimis
827 1433 900 1477 nou
943 1414 1060 1478 minus
1104 1419 1313 1498 suspectum.

237 1520 407 1605 llenique
431 1518 582 1598 fuerunt,
620 1517 741 1604 quiin
770 1520 864 1584 vocis
888 1522 1014 1604 ἰσχύων
1049 1519 1127 1585 l1.l.
1160 1528 1314 1605 correpta

247 1627 358 1692 vocali
392 1651 413 1692 υ
449 1624 675 1704 offenderent,
717 1627 799 1711 quia
841 1627 936 1712 apud
974 1627 1142 1692 Babrium
1181 1648 1316 1712 semper

248 1734 416 1818 producta
445 1735 659 1799 inveniretur
693 1733 808 1799 media
838 1734 943 1799 huius
967 1736 1061 1800 vocis
1091 1733 1223 1819 syllaba
1259 1732 1313 1817 (cl.

250 1840 438 1906 llberhardi
462 1841 534 1906 obs.
560 1862 637 1927 pag.
658 1841 708 1921 10,
733 1841 860 1906 Hochii
885 1841 963 1906 diss.
989 1863 1067 1928 pag.
1087 1841 1152 1925 23).
1199 1840 1314 1926 Atque

248 1954 287 2012 ut
303 1946 346 2011 ab
370 1947 436 2012 hac
453 1970 543 2032 quae
558 1949 696 2014 videtur
711 1946 905 2013 offensione
922 1948 1124 2034 prosodiaca
1139 1949 1313 2033 incipiam.

248 2055 352 2136 ἰσχύω
387 2056 598 2121 vocabulum
629 2078 670 2119 ex
700 2057 741 2120 iis
770 2078 842 2120 esse
874 2055 1223 2121 animadvertendum
1254 2062 1312 2132 est,

246 2160 282 2223 in
307 2161 435 2245 quibus
459 2162 606 2228 Babrius
642 2163 784 2248 ancipiti
820 2162 982 2248 prosodia
1017 2184 1101 2228 usus
1130 2169 1189 2227 est.
1238 2161 1314 2242 Qua

247 2267 289 2331 de
320 2289 355 2331 rc
380 2267 546 2345 conferas.
579 2291 669 2353 quae
698 2291 802 2355 supra
830 2291 907 2354 pag.
934 2271 976 2333 ab
1002 2269 1259 2356 explicavimus,
1296 2293 1313 2332 c

247 2375 375 2457 quibus
398 2377 435 2439 in
459 2376 524 2441 hac
549 2377 763 2460 correptione
788 2376 883 2461 apud
907 2376 1074 2441 Babrium
1097 2374 1311 2441 haerendum

246 2503 318 2545 uon
343 2503 415 2547 esse
441 2480 651 2568 apparetffl)
697 2481 896 2568 Anapaesto
928 2483 1055 2548 deinde
1082 2482 1153 2548 leni
1183 2482 1312 2546 coniec-

245 2596 322 2653 tura
347 2590 490 2654 omnino
514 2610 587 2654 non
602 2588 757 2654 tollendo
782 2589 850 2669 (διὰ
873 2591 992 2672 καιρόν
1015 2593 1053 2658 in
1070 2589 1176 2655 altero
1195 2610 1313 2653 versus

246 2695 346 2780 pede)
383 2717 502 2761 ansam
532 2696 634 2761 nobis
665 2695 739 2761 dari
767 2697 812 2761 ad
839 2696 1055 2763 reiciendum
1083 2695 1312 2782 epimythium

246 2825 318 2868 uon
341 2811 437 2888 put0,
463 2805 630 2889 quoniam
654 2803 801 2868 Babrius
824 2803 1001 2868 interdum
1025 2809 1253 2888 anapaestum
1276 2802 1313 2865 in

246 2909 386 2975 sedibus
402 2909 545 2996 paribus
564 2910 700 2976 ridetur
719 2908 898 2973 admisisse
923 2910 1014 2990 (vide
1032 2931 1136 2994 supra
1152 2929 1228 2995 pag.
1247 2908 1311 2991 76).

249 3016 365 3081 ltestat
382 3016 501 3098 ὀρθῶς
523 3015 620 3094 illud,
647 3015 742 3100 quod
758 3036 894 3080 merum
912 3018 1013 3080 metri
1030 3015 1311 3101 supplementum

246 3145 319 3186 esse
333 3122 542 3206 quibusdam
563 3121 754 3187 videbatur.
792 3121 895 3202 Quod
912 3144 1130 3208 quamquam
1143 3121 1313 3187 similibus

245 3232 281 3294 iu
313 3229 582 3315 epimythiorum
617 3229 773 3294 versibus
808 3250 880 3294 non
915 3231 1091 3296 invenitur
1126 3227 1179 3312 (cl.
1210 3228 1262 3307 38,
1277 3229 1311 3293 8:

246 3337 369 3414 :ld-13:
401 3337 525 3416 31,23;
553 3337 683 3420 18,15),
727 3358 834 3401 amen
862 3336 959 3402 haud
983 3338 1062 3414 scio,
1099 3357 1144 3400 an
1168 3335 1312 3400 omnino

246 3465 315 3508 uon
345 3445 377 3508 h.
402 3445 423 3508 l.
455 3443 676 3508 tolerandum
704 3444 756 3508 sit.
804 3442 1052 3509 Boissonadius
1086 3449 1177 3507 recte
1211 3442 1313 3506 vertit

247 3551 292 3615 'id
315 3551 459 3615 merito
483 3551 616 3614 cunctis
640 3549 759 3616 fabula
783 3549 975 3635 significat,
1001 3547 1210 3633 quibuscum
1233 3569 1311 3612 con-

247 3658 343 3730 leras,
369 3678 459 3742 quae
484 3656 663 3722 Phaedrus
685 3659 722 3722 in
747 3659 848 3743 apim.
874 3657 942 3721 lab.
967 3655 1064 3723 llltl
1089 3653 1188 3719 dixit:

429 3765 503 3829 ‘hac
528 3764 675 3830 derideri
698 3764 817 3830 fabula
841 3763 962 3828 merito
986 3758 1119 3848 potest.
1162 3769 1165 3775 '

352 3887 453 3992 libel.
474 3926 563 3978 etiam
583 3941 658 3990 quae
678 3923 906 3977 Rutherfordius
926 3923 962 3975 de
991 3938 1130 3974 mensura
1155 3923 1311 3974 verborum

247 4015 276 4065 in
297 4033 349 4068 -υω
368 4015 594 4066 terminantium
613 4013 752 4080 exposuit
771 4029 835 4079 pag.
856 4010 890 4063 26
915 4011 966 4075 (sd
984 4012 1044 4064 fab.
1065 4009 1155 4079 lat.)
1185 4016 1215 4064 et
1233 4009 1310 4062 Lud-

247 4103 368 4155 uirhius
380 4109 484 4156 'contra
504 4101 720 4155 Eberhardium
739 4101 853 4153 monuit
873 4101 892 4154 l.
912 4101 930 4154 l.
950 4116 1014 4167 pag.
1034 4099 1050 4152 Τ
1071 4099 1122 4169 (ad
1140 4100 1201 4153 lab.
1220 4098 1310 4167 429).
