2924 4786
615 303 791 368 „49-

174 481 285 546 llahrii
322 480 449 546 fabulis
484 505 548 546 nec
583 483 620 546 in
655 481 815 547 editione.
864 483 966 565 Quod
991 505 1070 549 vero
1096 484 1237 549 Crusius

171 591 293 670 ’γίγνου
318 587 487 665 lonnem’,
506 611 613 673 quarn
630 588 770 654 exhibet
786 590 860 655 cod.
874 589 925 669 A.,
944 591 1236 676 ‘interpolatorem

171 695 324 780 prodere'
350 696 487 760 monuit
512 695 636 761 collato
653 695 804 781 pedestri
819 697 1009 782 epinrythio
1026 696 1165 763 labulae
1183 699 1235 772 78,

171 802 206 865 in
242 823 313 887 quo
348 802 470 867 eadem
506 801 618 868 lorma
655 805 853 888 (γίγνονται)
890 803 1068 887 legeretur,
1097 813 1235 870 tanturn

170 908 278 984 abest,
314 919 351 974 ut
388 909 542 994 probem,
579 919 618 974 ut.
645 909 746 974 valde
770 911 881 989 mirer,
906 911 1002 995 quod
1026 910 1167 976 Crusius
1192 911 1236 975 ad

170 1016 402 1101 epinrythium
426 1016 714 1101 proscribendum
737 1016 799 1081 tali
822 1038 926 1082 causa
950 1039 1035 1082 usus
1059 1028 1119 1083 cst.
1168 1017 1235 1081 Pri-

171 1145 266 1187 mum
292 1124 385 1187 enirn
409 1124 576 1208 respicere
601 1123 722 1188 debuit
738 1123 916 1188 codicibus
932 1126 1138 1210 scriptorum
1154 1124 1235 1189 inde

169 1229 213 1294 ab
243 1229 396 1294 Homero
433 1251 545 1314 usquc
581 1230 626 1295 ad
661 1229 863 1295 infimorum
898 1240 1096 1317 temporum
1131 1231 1235 1295 libros

170 1359 345 1402 summanr
390 1358 463 1401 esse
498 1338 769 1402 inconstantiam
804 1338 841 1401 in
876 1337 1081 1403 exhibendis
1116 1336 1235 1402 formis

167 1444 339 1526 γίγνεσθαι
376 1454 407 1509 et
443 1444 597 1527 γίνεσθαι
632 1445 839 1530 (pariterque
867 1446 1060 1526 γιγνώσκειν
1084 1454 1116 1510 et
1140 1446 1236 1526 γινώ-

168 1564 272 1635 σκειν)
309 1573 372 1617 nec
396 1562 529 1617 veteres
563 1553 657 1638 ipsos
692 1553 775 1618 satis
805 1551 870 1617 sibi
898 1553 1101 1631 constitisse,
1127 1573 1235 1636 quan-

168 1670 243 1722 tum
279 1682 321 1723 ex
357 1659 595 1724 monumentis
630 1659 744 1743 colligi
777 1661 895 1744 possit,
931 1661 968 1723 in
1004 1659 1132 1744 quibus
1163 1678 1234 1723 non

168 1765 281 1830 solum
294 1765 467 1848 γίγνεσθαι
480 1765 541 1830 sed
554 1767 658 1831 ctiam
671 1765 824 1848 γίνεσθαι
835 1764 1078 1851 reperiatur.⁹¹)
1124 1763 1235 1830 Multo

167 1873 271 1955 igitur
295 1873 513 1938 verisimilius
548 1880 599 1938 est
629 1872 662 1937 11.
693 1872 714 1937 l.
747 1881 786 1937 ut
809 1893 974 1958 persaepe
998 1876 1150 1955 γίγνομαι
1172 1893 1235 1958 pro

167 1982 300 2062 γίνομαι
323 1978 434 2045 fornia
458 1979 587 2044 librarii
611 2000 722 2044 errore
739 1986 894 2044 exortam
911 2000 984 2043 esse
1001 1980 1111 2043 conici
1128 2000 1234 2064 quarn

167 2083 288 2151 fraude
312 2087 577 2172 interpolatoris.
624 2085 759 2150 Deinde
784 2083 881 2170 quod
903 2089 1055 2168 γίγνομαι
1072 2084 1183 2150 lorma
1196 2085 1236 2168 in

166 2191 316 2277 pedestri
352 2191 420 2258 lab.
459 2195 500 2258 78
535 2193 726 2279 cpimpthio
750 2191 936 2267 invenitur,
963 2192 1048 2256 nihil
1073 2192 1235 2258 adhunc

166 2299 281 2365 locum
305 2302 342 2364 in
367 2303 600 2386 suspicionem
624 2300 825 2366 vocandum
848 2299 948 2365 valet.
1007 2300 1141 2366 Licerct
1171 2299 1235 2366 lor-

167 2429 259 2472 nram
296 2408 475 2493 ‹prandam
511 2408 678 2494 pedestris
703 2408 795 2472 illius
820 2407 1002 2494 cpinrythii
1026 2430 1107 2473 eum
1131 2408 1236 2474 huius

165 2515 348 2600 epimythii
374 2515 533 2580 versibus
557 2515 683 2580 inclusi
706 2513 870 2594 conlcrre‚
896 2517 924 2579 si
948 2515 992 2580 ab
1010 2536 1081 2580 uno
1099 2515 1234 2581 eodem-

166 2643 234 2705 que
259 2623 454 2707 conscripta
478 2644 551 2686 esse
575 2621 649 2686 eod.
676 2621 715 2686 A.
741 2621 931 2706 epirnythia
955 2632 987 2686 et
1013 2621 1168 2686 versibus
1184 2625 1234 2687 in-

166 2727 261 2793 clusa
297 2738 329 2793 et
366 2728 539 2813 pedestria
569 2737 686 2814 posset
710 2727 947 2802 demonstrari,
973 2727 1009 2792 id
1033 2727 1129 2812 quod
1153 2728 1233 2795 Cru-

167 2834 238 2899 sius
262 2857 376 2919 neque
395 2835 514 2900 ‹loeult
532 2856 689 2920 unquam
708 2856 821 2919 neque
839 2833 985 2899 docebit.
1034 2834 1234 2920 Epimphia

168 2942 259 3005 enim
296 2942 370 3006 eod.
408 2942 446 3006 A.
479 2942 651 3028 pedestria
679 2941 788 3006 multo
813 2941 947 3005 serioris
971 2942 1136 3026 temporis
1160 2965 1233 3007 esse

167 3070 273 3131 quarn
306 3071 395 3133 quae
420 3050 577 3114 versibus
607 3048 741 3114 inclusa
769 3049 837 3112 sint
861 3070 941 3112 cum
966 3070 1007 3112 ex
1031 3047 1106 3112 aliis
1131 3049 1233 3114 rebus

167 3168 242 3219 tnnr
279 3176 437 3219 sermone
468 3155 582 3238 colligi
605 3165 728 3241 potest,
754 3154 796 3219 dc
821 3176 891 3240 qua
914 3176 949 3218 re
973 3155 1009 3218 in
1035 3154 1233 3240 prolusione

166 3263 266 3346 quasi
280 3262 386 3326 huius
403 3263 653 3327 dissertationis
669 3264 738 3327 iarn
753 3261 902 3326 diximus
918 3259 971 3341 tel.
983 3282 1059 3345 pag.
1072 3262 1087 3323 1
1099 3260 1177 3324 adn.
1188 3262 1230 3337 3).

167 3368 235 3432 Sed
259 3371 329 3433 iarn
353 3372 466 3450 γίγνου
490 3367 637 3433 lonnam
661 3368 787 3433 mendo
811 3367 938 3432 librarii
959 3376 1135 3431 ernamur
1152 3368 1179 3430 si
1196 3369 1232 3431 in

168 3473 293 3540 Bebrio
329 3476 544 3540 usitatiorem
582 3474 636 3558 (cl.
673 3477 725 3554 54,
746 3476 782 3552 3;
819 3476 922 3551 87,4;
954 3472 1231 3551 l)5,80;98,11;

171 3582 293 3649 lona:
334 3583 454 3657 111141
485 3587 578 3665 γίνου
609 3580 911 3660 1111111111111111111192)
935 3580 972 3644 id
996 3580 1093 3666 quod
1116 3580 1231 3646 Passe-

273 3778 308 3831 ⁹¹)
328 3780 370 3830 sie
385 3781 474 3833 llenr.
486 3780 651 3845 Stephanus
663 3778 693 3827 in
704 3777 778 3828 thes.
790 3777 859 3837 ling.
871 3779 973 3828 Graec.
985 3778 1041 3828 rol.
1055 3778 1089 3830 ll.
1106 3776 1159 3828 eol.
1171 3776 1232 3829 11211.

273 3867 307 3923 1·’1
327 3869 465 3920 similiter
484 3869 650 3934 Stephanus
670 3867 779 3917 formas
800 3865 866 3915 illas
886 3865 1024 3930 ιγίνογιοιί
1039 3865 1135 3930 poetis
1150 3865 1231 3916 resti·

168 3956 294 4009 nundus
314 3958 472 4008 arbitratus
492 3966 544 4020 est,
569 3957 628 4007 ‘ubi
650 3972 666 4006 a
685 3954 813 4006 librariis
841 3962 912 4005 sunt
939 3954 1122 4015 obscuratae,
1152 3953 1231 4018 quod

164 4046 191 4096 si
212 4062 330 4101 onmem
351 4048 554 4112 exemplorum
574 4045 690 4111 copiam
709 4043 930 4111 perlustramus.
952 4041 981 4091 111
1002 4042 1141 4093 omnihus
1170 4042 1231 4093 lere

164 4136 322 4189 cedit-ihus
342 4137 454 4187 laetum
474 4133 755 4186 animadvertimus*

1055 4239 1071 4290 4
