2924 4786
589 261 766 324 -47-

145 437 250 503 nullis
284 438 529 524 praeoccupati
563 436 826 524 opinationibus
854 438 899 504 ad
922 438 1040 504 Babn‘i
1074 436 1212 505 fabulas

146 543 374 611 recensendas
398 542 698 631 aggrediebantur,
723 567 888 610 versuum
912 547 1025 611 exitus
1050 545 1212 610 dixerunt

146 650 316 717 aBabn'o
339 651 389 717 ita
412 650 578 717 formatos
614 673 698 729 esse,
735 660 775 718 ut
809 672 1026 737 quamquam
1062 650 1212 737 syllabas

146 767 270 825 natura
294 759 416 843 longas
439 756 635 845 praeferret,
671 757 869 825 admitteret
891 766 1009 825 tamen
1038 780 1211 825 nonnum-

146 887 253 951 quam
277 865 398 935 breves
422 863 476 948 (of.
501 864 706 931 Eberhardii
730 865 802 931 obs.
827 865 928 932 Babr.
958 887 1035 953 pag.
1061 867 1098 945 8;
1130 866 1210 932 edit.

147 971 251 1058 praei.
265 994 342 1059 pag.
356 972 420 1051 IV,
445 973 558 1039 Crusii
580 973 707 1060 proleg.
725 995 802 1060 pag.
828 973 992 1058 XLHW)
1028 971 1142 1055 Quare
1167 971 1210 1038 de

148 1079 309 1145 brotibus
333 1078 474 1165 syllabis
496 1078 534 1144 in
550 1079 707 1146 versibus
731 1079 830 1145 codd.
844 1079 875 1145 A
887 1088 921 1146 et
934 1080 964 1146 V
976 1081 1138 1146 extremis
1153 1100 1212 1166 po·

147 1187 219 1252 sitis
243 1209 323 1252 eum
343 1185 508 1252 omnibus
527 1183 598 1252 fere
614 1187 696 1252 viris
716 1185 827 1253 doctis
842 1187 933 1253 hane
950 1207 1110 1252 normam
1126 1185 1213 1252 mihi

147 1314 286 1379 ponam,
312 1304 351 1359 ut
375 1315 466 1378 quae
481 1293 520 1358 in
535 1292 692 1359 versibus
711 1294 935 1359 inveniantur
946 1302 1071 1388 metro,
1097 1314 1211 1371 sensu,

147 1421 306 1466 sermone
330 1401 480 1487 optimis,
516 1401 619 1466 iniis
649 1420 722 1465 non
753 1397 976 1466 offendamus
999 1399 1063 1480 vel,
1093 1399 1213 1465 sileri

147 1508 346 1573 eonieetura
369 1508 505 1593 possint
527 1507 611 1588 tolli,
636 1506 843 1591 tollamusffl)
868 1507 1028 1590 (velutin
1046 1505 1214 1592 exemplis

147 1615 308 1679 asterisco
337 1636 441 1701 supra
475 1615 626 1700 notatis),
664 1622 783 1680 eontra
818 1635 908 1700 quae
942 1613 1019 1679 loeo
1054 1613 1215 1698 legantur

147 1720 222 1785 aliis
244 1720 349 1786 rebus
372 1729 533 1808 suspecto
551 1722 784 1808 suspicionem
807 1718 940 1786 fraudis
957 1721 1213 1807 interpolatoris

148 1834 308 1910 augeant.
333 1867 377 1874 -
401 1826 498 1910 Quae
522 1829 675 1894 sumita
710 1829 789 1907 sint,
818 1826 895 1893 lieri
930 1850 1002 1893 non
1026 1848 1128 1914 posse
1164 1849 1212 1892 ar-

147 1933 264 2013 bitror,
300 1942 340 2000 ut
374 1934 419 2000 ob
455 1936 565 2001 solam
599 1940 726 2018 γαῦρον
761 1955 885 2000 rocem
918 1936 957 2000 in
991 1932 1064 2000 fine
1094 1955 1214 2000 versus

148 2041 298 2125 positam
320 2042 552 2127 epimythium
575 2040 644 2107 fab.
673 2042 716 2106 29
744 2049 864 2120 metr0,
902 2062 1016 2120 sensu,
1054 2061 1213 2107 sermone

148 2153 237 2212 rorte
262 2154 385 2233 aptum
404 2147 590 2214 deleamus.

148 2252 216 2319 lab.
242 2254 294 2319 31.

149 2360 263 2427 llures
296 2363 334 2427 in
368 2361 473 2447 longo
509 2369 542 2428 et
584 2370 727 2429 cruento
767 2361 858 2428 bello
894 2369 1014 2428 eontra
1048 2361 1215 2427 mustelas

150 2489 260 2554 usque
289 2469 369 2534 rioti
404 2468 592 2536 eredebant
626 2490 716 2556 opus
751 2491 824 2535 esse
848 2470 915 2535 sibi
939 2469 1089 2535 ducibus
1111 2469 1215 2552 longe

148 2577 353 2661 eonspiouis.
407 2577 545 2660 Legunt
578 2577 684 2661 igitur
719 2577 824 2642 duces
859 2598 984 2662 genere
1020 2584 1054 2640 et
1081 2573 1214 2640 fortitu-

150 2680 229 2746 dine
259 2683 423 2767 insignes,
454 2684 564 2749 aciem
602 2684 790 2762 instruunt,
827 2683 932 2748 duoes
967 2682 1075 2768 paleis
1109 2679 1216 2746 fronti

150 2784 264 2852 affixis
288 2791 494 2876 conspicuos
517 2789 678 2856 reddunt.
725 2789 961 2855 Nihilominus
984 2789 1111 2854 iterum
1140 2788 1215 2853 vin-

150 2902 284 2960 (untur.
333 2895 520 2980 Fugientes
544 2897 629 2963 dum
652 2897 777 2983 reliqui
800 2898 868 2962 cito
891 2904 1018 2962 terram
1051 2895 1214 2975 subeunt,

150 3001 255 3067 ‹luees
291 3003 336 3068 ob
372 3025 463 3070 nova
497 3006 647 3088 insignia
670 3025 744 3070 non
777 3011 926 3091 possunt
959 3024 1022 3090 per
1044 3001 1216 3069 foramina

150 3109 276 3174 intrare
300 3118 335 3176 et
358 3111 450 3197 eapti
472 3111 668 3177 trahuntur.

256 3216 408 3282 Fabulae
421 3218 458 3281 in
471 3215 545 3281 eod.
555 3215 594 3281 A.
603 3217 829 3284 subiunctum
836 3226 887 3300 est
894 3217 960 3282 hoe
968 3216 1214 3303 epimythium:

150 3323 202 3401 31,
216 3323 268 3387 23.
305 3323 392 3405 λέγει
415 3322 444 3388 δ’
470 3323 642 3407 ipsilles·
668 3326 716 3406 εἰς
738 3325 778 3390 τὸ
802 3323 862 3410 ζῆν
886 3322 1077 3405 ἀκινδύνως

306 3436 367 3514 τῆς
390 3429 633 3514 λαμπρότητος
656 3430 853 3515 novamne)
877 3430 1032 3515 βελτίων.

256 3641 291 3703 ⁸²)
311 3644 627 3698 unusRutheriordius
646 3660 763 3713 semper
780 3642 923 3698 Babrium
942 3647 1038 3711 legem
1056 3645 1140 3697 illam
1159 3660 1217 3697 ser·

152 3749 234 3785 rasse
254 3734 416 3786 affirmavit
434 3750 596 3800 omnesque
617 3749 756 3787 versuum
776 3735 873 3786 exitus
893 3751 910 3786 a
923 3736 987 3799 lege
1001 3734 1115 3787 alienos
1128 3733 1217 3785 inter-

151 3823 292 3887 polaton‘s
312 3839 385 3890 esse,
404 3840 464 3877 nou
484 3823 586 3876 Babrii
606 3823 654 3887 (ef.
674 3822 783 3876 introd.
803 3836 867 3889 pag.
887 3823 976 3888 XCI).

256 3912 291 3979 ⁸⁸)
311 3913 354 3964 sie.
373 3913 434 3966 fere
454 3914 543 3965 Ficus
562 3913 580 3966 l.
600 3913 619 3966 l.
638 3927 704 3979 pag.
723 3912 785 3966 826.

257 4000 291 4067 mJ
312 4000 376 4055 eod.
396 4003 420 4053 Α
440 4002 562 4054 exhibet
580 4007 632 4068 τῆς
650 3999 676 4055 λ.
696 4000 840 4057 sintina:
861 4001 913 4055 sed
927 4007 1006 4054 reete
1019 4000 1122 4053 Fixiua
1135 4014 1217 4066 para·

152 4090 282 4156 phrasim
301 4090 496 4144 Bodleianaru
515 4098 643 4155 secutus,
662 4090 694 4142 in
715 4107 774 4157 qua
794 4093 811 4159 ι)
830 4090 959 4145 εὐτέλεια
978 4090 1093 4157 legitur,
1119 4104 1217 4141 emen·
