2924 4786
641 282 819 344 -srss

194 457 261 524 lab.
288 460 339 522 22.

193 566 309 631 Homo
334 573 496 650 proveeta
523 572 634 631 aetate
672 566 758 630 virili
796 568 922 630 mixtos
946 566 1098 631 habebat
1123 567 1281 651 eapillos

194 693 299 737 eanos
335 681 368 737 et
403 674 518 756 nigros
554 672 718 756 idemque
755 674 883 737 amicas
908 672 1005 751 duas,
1042 674 1195 738 vetulam
1232 684 1265 738 et

193 781 365 844 iuvenem.
417 782 573 860 Quarum
598 787 746 863 utraque
784 788 821 845 ut
846 780 912 845 sibi
936 779 1081 844 similem
1107 781 1265 845 redderet

194 893 393 964 amatorem,
420 887 529 951 erines
553 886 729 951 vellebant
753 886 870 951 vetula
901 887 1025 970 nigros,
1052 888 1187 951 iuvenis
1212 909 1263 951 ea-

195 1014 267 1071 uos,
294 993 492 1077 usquedum
517 994 577 1058 tali
602 1013 706 1078 opera
732 991 906 1058 efficerent
933 993 1078 1059 ealvum.

197 1099 345 1164 Fabulae
371 1101 617 1184 epimytlrium:

194 1224 293 1296 2214
319 1226 440 1307 φάσκει
465 1224 494 1288 ‹l‘
521 1225 538 1288 ὁ
562 1224 678 1307 μῦόος
701 1229 803 1290 τοῦτο
828 1229 931 1291 πᾶσιν
955 1225 1172 1307 ἀνθρώποις·

328 1349 473 1430 ἐλεεινὸς
496 1349 589 1431 ὅστις
612 1352 660 1431 εἰς
682 1355 846 1432 γυναῖκας
869 1350 1036 1433 ἐμπίπτει,

328 1456 379 1521 ἀεὶ
402 1456 464 1538 γὰρ
489 1457 526 1520 ἓν
549 1479 584 1539 γε
609 1456 818 1540 δακνόμενος
841 1461 1036 1540 γυμνοῦται.

194 1591 337 1666 exeepto
377 1581 611 1657 Boissouadio
650 1602 755 1664 quem
792 1581 937 1646 (lrellius
965 1581 1193 1665 Baiterusque
1229 1591 1262 1646 et

192 1689 343 1754 Weisius
368 1687 613 1772 sequebantur,
651 1709 781 1766 omnes,
808 1710 896 1772 quos
921 1687 1064 1772 quidem
1095 1689 1259 1763 noverim,

194 1795 343 1859 editores
386 1795 543 1879 spurium
579 1794 870 1859 existimaverunt.
942 1794 1056 1878 Atque
1099 1795 1258 1860 ultimum

194 1901 376 1986 epimytlrii
401 1923 552 1964 versum:

377 2025 429 2090 ἀεὶ
451 2025 513 2108 γὰρ
538 2025 574 2091 ἓν
598 2049 633 2108 γε
658 2026 867 2108 δακνόμενος
890 2031 1076 2109 γυμνοῦται

194 2132 260 2196 lioe
296 2133 477 2218 epimytlrii
513 2133 587 2197 loeo
623 2133 725 2219 plane
761 2134 918 2218 ineptum
949 2155 1022 2198 esse
1050 2134 1162 2218 primo
1191 2132 1260 2196 lere

194 2239 375 2304 oculorum
417 2240 544 2305 obtutu
567 2240 788 2324 intellegitur,
825 2249 985 2325 reeteque
1019 2242 1089 2305 iam
1126 2240 1260 2304 Raitero

196 2349 299 2411 ‘totus
323 2347 378 2410 hie
403 2369 521 2411 versus
547 2369 682 2411 eversu
703 2347 955 2412 tertiodecimo
974 2345 1152 2412 eonfietus’
1171 2345 1260 2411 ride·

194 2453 297 2518 batur
321 2453 449 2535 (adnot.
477 2455 546 2518 erit.
574 2475 649 2538 pag.
676 2454 752 2537 22).
800 2453 894 2518 Num
917 2476 999 2520 vero
1022 2476 1141 2520 versus
1160 2454 1199 2517 13
1217 2452 1261 2518 ad

194 2561 310 2645 ipsum
347 2559 510 2625 Babrium
535 2558 736 2625 referendus
768 2563 820 2639 sit,
845 2561 946 2626 valde
971 2560 1118 2626 dubium
1143 2568 1203 2639 est,
1229 2568 1261 2624 et

194 2675 284 2732 reete
309 2666 472 2732 ridentur
506 2668 590 2731 mihi
628 2667 776 2733 editores
804 2688 876 2732 non
902 2667 1131 2753 epimythium
1158 2665 1260 2731 modo

196 2775 256 2839 sed
296 2776 400 2840 etiam
439 2797 577 2840 versum
616 2775 716 2840 illum
760 2776 798 2839 13
835 2775 960 2840 Rubrio
1000 2775 1258 2840 abiudieavisse.

195 2882 441 2965 Praeterquam
476 2884 566 2946 euim
603 2882 699 2966 quod
731 2880 948 2967 superiluum
984 2881 1259 2947 additamentum

196 2995 245 3052 est
264 2988 423 3072 uralaque
436 2991 593 3074 repetitio
608 2995 686 3072 post
702 2988 979 3067 versus'lll—l2‚
999 2989 1127 3074 quibus
1143 2987 1261 3053 fabula

196 3096 374 3179 aptissimo
399 3095 505 3159 modo
530 3093 674 3159 liniatur
698 3094 746 3178 (id
771 3095 867 3180 quod
891 3096 996 3160 etiam
1020 3119 1061 3160 ex
1078 3094 1260 3182 paraphra-

196 3200 291 3265 sibus
327 3203 555 3284 eognoseitur,
593 3202 721 3286 quibus
756 3202 920 3267 omuibus
949 3223 1020 3267 nou
1052 3202 1261 3267 Bodleianae

196 3308 310 3387 ιιιοόο,
337 3307 397 3372 sed
414 3310 518 3373 etiam
540 3309 659 3373 eeteris
683 3309 774 3373 illius
792 3331 909 3374 versus
930 3331 974 3374 ne
991 3331 1100 3374 unum
1120 3309 1261 3394 quidem

196 3415 377 3496 vestigium
403 3417 516 3498 inest),
542 3416 608 3480 alia
632 3417 865 3500 suspicionem
890 3423 1041 3491 movent,
1066 3418 1101 3480 in
1135 3415 1261 3502 quibus

195 3542 266 3585 uou
303 3530 373 3585 tam
410 3522 608 3605 τιλλόμενος
643 3522 786 3586 rerlmm
822 3544 987 3607 premam,
1025 3524 1121 3607 quod
1155 3522 1261 3588 Laeli·

197 3648 338 3707 manne,
364 3628 587 3696 llberhardm.
614 3629 734 3693 (J'rusio
760 3651 839 3694 eum
863 3629 977 3695 Babrii
1004 3631 1085 3695 artis
1102 3631 1261 3695 metrieae

196 3844 336 3908 συμφέρει
364 3849 401 3908 tro
430 3845 593 3911 r'plrmpu'ver
631 3847 731 3911 :triopa
768 3842 903 3910 γενέσθαι
944 3850 1000 3898 τῶν
1028 3846 1070 3911 εἰς
1102 3847 1263 3912 ἀνάμνησιν

196 3931 285 3985 αὐτόν
309 3934 457 3998 φερόντων
476 3940 581 3998 κακῶν,
611 3935 661 3985 ubi
681 3939 739 3987 τῶν
757 3938 896 3985 neutrum
924 3943 969 3985 est
999 3935 1121 3999 pluralis
1146 3934 1261 3986 intelle·

196 4019 325 4081 gendum
355 4021 478 4088 (‘pr0eul
507 4039 571 4074 esse
600 4024 636 4074 ab
666 4022 813 4083 omnibus,
841 4038 916 4086 quae
936 4023 1108 4074 memoriam
1125 4023 1260 4075 refricant

195 4110 369 4178 erulorum).
