2924 4786
639 270 817 333 „94-

193 469 333 513 versum
358 448 398 512 16
421 469 503 513 cum
523 455 557 512 ct
574 469 617 511 ex
632 454 792 532 suspecto
809 470 840 512 v.
861 448 902 512 13
919 446 1089 513 confictus
1105 448 1266 514 videatur

194 562 228 620 ct
261 556 336 640 ipse
371 555 552 634 sententia,
589 575 758 633 sermone,
801 561 911 620 metro
951 553 1078 620 Babn'o
1118 556 1265 621 minime

194 661 329 744 dignus,
355 663 493 727 retineri
516 683 589 726 non
612 682 713 748 posse
730 682 845 741 nemo,
863 661 974 739 credo.
991 662 1141 745 negabit.
1189 663 1265 728 Iam

194 789 274 832 vero
311 769 497 853 quaeritm·,
533 791 620 833 num
655 767 743 834 forte
772 768 893 834 deletis
917 769 1072 834 versibus
1098 769 1139 834 13
1164 776 1197 834 et
1223 770 1264 835 16

193 896 322 954 versus,
360 876 422 960 qui
455 875 703 961 relinquuntur
740 876 781 939 14
817 883 850 941 et
887 877 938 955 15,
975 875 1157 962 epimythii
1186 876 1264 942 loco

194 1004 214 1046 a
241 982 368 1047 Bebrio
404 983 547 1068 scriptos
576 1004 650 1047 esse
681 983 817 1068 opinari
839 980 1009 1067 necatfflss)
1054 983 1263 1049 Examinan-

193 1089 289 1154 t-ibus
311 1089 416 1172 igitur
439 1110 559 1154 versus
585 1090 627 1153 14
651 1095 685 1154 ct
710 1089 751 1153 15
776 1096 810 1154 et
833 1097 943 1155 metro
968 1097 1001 1154 et
1025 1110 1183 1156 sermone
1205 1091 1264 1156 vix

195 1195 389 1280 quidquam
423 1195 588 1282 praebere
625 1216 683 1261 eos
713 1195 976 1261 concedendum
1007 1203 1068 1276 est,
1093 1216 1163 1281 quo
1186 1217 1263 1282 pro·

194 1302 341 1367 scribere
371 1323 662 1370 commoveamur.
716 1302 865 1367 Sensum
894 1325 976 1368 vcro
1004 1302 1109 1368 huius
1134 1303 1262 1388 epimy-

194 1410 257 1474 thii
282 1410 311 1474 si
333 1411 594 1495 respexerimus,
619 1406 696 1475 fieri
719 1429 791 1474 non
814 1411 949 1495 poterit,
975 1416 1014 1475 ut
1038 1411 1120 1476 satis
1135 1410 1263 1474 mirum

194 1538 267 1581 esse
304 1515 547 1596 concedamus,
579 1515 773 1601 meliusque
803 1515 924 1582 cadere
952 1518 994 1607 in
1013 1515 1170 1581 fabulam
1194 1517 1262 1601 epi·

194 1622 370 1708 rnythium
404 1623 501 1703 illud,
532 1622 628 1709 quod
656 1623 884 1709 paraphrases
912 1631 1046 1710 partem
1073 1623 1261 1688 maximam

134 1776 142 1782 -
193 1730 361 1815 praebent
402 1729 505 1797 ‘orirer
545 1735 722 1813 πανταχοῦ
767 1729 806 1795 τὸ
852 1730 1039 1814 ἀνώμαλον
1082 1729 1263 1813 ἐπιβλαβές

194 1834 353 1921 ἐστιν’Ῑθό)
378 1842 412 1908 et
434 1836 609 1902 Diodorus
633 1835 769 1902 Siculus
792 1837 956 1918 XXXIII,
982 1840 1000 1902 ’1
1026 1859 1103 1923 pag.
1130 1838 1171 1901 72
1194 1835 1260 1901 Dd.

195 1967 212 2006 ο
237 1941 357 2009 fabula
380 1944 452 2029 peti
467 1944 578 2010 voluit
595 1946 663 2028 (καὶ
679 1943 741 2026 γὰρ
758 1949 829 2010 τῶν
845 1947 907 2029 τὴν
927 1943 1059 2028 Τόκκην
1076 1946 1262 2010 οἰκούντων

133 2096 137 2100 -
163 2091 167 2099 ›
195 2049 359 2116 οόόέποτε
386 2052 564 2134 μενόντων
592 2052 648 2116 ἐπὶ
675 2057 737 2135 τῆς
765 2050 872 2135 αὐτῆς
902 2052 1073 2132 αἱρέσεως,
1103 2050 1176 2116 ἀλλ’
1202 2049 1261 2126 Δ,ότό

192 2157 263 2246 μὲν
286 2157 373 2240 πρὸς
402 2157 589 2242 Ῥωμαίους
625 2157 680 2224 ὁτὲ
710 2157 746 2223 όὲ
774 2156 862 2239 πρὸς
886 2157 992 2223 αὐτὸν
1019 2156 1262 2241 ἀφισταμένων

195 2265 250 2329 καὶ
278 2263 444 2346 πολλάκις
479 2270 581 2330 τοῦτο
617 2266 841 2346 πραττόντων
877 2264 980 2330 οἶνόν
1009 2286 1083 2330 τινα
1112 2262 1260 2329 aarum

196 2370 259 2435 οὐκ
283 2370 427 2454 ἀσόφως
454 2370 592 2454 ἔσκωψε
620 2369 691 2453 ἅμα
715 2371 771 2435 καὶ
794 2391 822 2435 τ.
847 2371 891 2455 λ.)
915 2393 1091 2455 negemus.
1139 2371 1259 2455 Neque

193 2485 312 2542 tamen
335 2476 471 2542 Hochio
496 2477 599 2562 plane
623 2477 799 2556 assentior,
825 2479 886 2562 qui
909 2485 949 2544 ut
972 2500 1108 2564 semper
1130 2475 1200 2543 fere
1223 2476 1259 2542 in

194 2584 392 2670 cpimythiis
408 2583 640 2650 diiudicandis
652 2584 756 2649 nimis
769 2605 908 2650 severus
920 2591 987 2650 est:
1006 2584 1100 2649 ‘audi
1112 2583 1258 2662 deinde’,

193 2692 317 2777 inquit,
355 2692 461 2775 ‘quod
496 2691 768 2778 epimythiorum
802 2699 922 2757 auctor
945 2692 1189 2777 pronunciavit
1214 2689 1260 2755 ad

193 2796 261 2862 iah.
300 2798 356 2861 22:
404 2799 571 2879 „Flebilis
612 2800 813 2883 quicunque
847 2799 885 2863 in
919 2797 1067 2864 feminas
1105 2796 1256 2863 incidit.“

192 2905 324 2969 Iocone
360 2926 405 2969 an
441 2907 528 2971 serio
558 2905 595 2969 id
626 2904 759 2970 dictum
787 2905 858 2969 cst?
882 2905 995 2984 Miror,
1021 2904 1117 2989 qnod
1139 2904 1173 2983 ii,
1199 2903 1260 2988 qui

194 3010 236 3074 de
260 3010 377 3075 Babrii
405 3012 477 3077 vita
506 2997 751 3096 exposuerunt,
779 3017 920 3097 poetam
943 3009 1049 3076 fuisse
1074 3010 1260 3076 mulierum

194 3137 331 3182 osorem
355 3116 436 3181 inde
461 3138 533 3181 non
550 3116 771 3200 collegerunt'
789 3115 843 3200 (of.
860 3118 881 3183 1.
899 3118 919 3183 1.
938 3139 1015 3204 pag.
1034 3118 1111 3203 24.)γ
1140 3115 1259 3182 Talem

193 3244 274 3288 vcro
315 3224 463 3288 ironiam
499 3225 581 3289 satis
615 3225 771 3310 ineptam
799 3246 872 3290 csse
897 3248 939 3290 ex
961 3224 1159 3311 promythio
1184 3243 1259 3307 cog·

193 3331 356 3408 noscitur,
382 3331 478 3414 quod
500 3330 679 3396 Phaedrus
703 3330 752 3395 illi
775 3328 915 3408 fabulae
938 3330 1115 3417 praemisit
1139 3330 1192 3414 (Π,
1207 3329 1257 3417 2);

284 3459 303 3501 a
326 3435 465 3502 feminis
489 3444 669 3521 utcunque
694 3436 833 3521 spoliari
856 3438 946 3502 viros

283 3549 410 3621 ament,
436 3550 596 3608 amentur
619 3564 745 3629 nempe
770 3543 928 3629 exemplo
953 3543 1128 3608 discimus.

194 3649 351 3715 Hochius
368 3651 394 3713 si
423 3649 487 3714 hos
503 3649 652 3714 Phaedri
678 3671 797 3716 versus
817 3651 1031 3736 respexisset,
1060 3649 1156 3714 haud
1178 3650 1258 3728 scic,

299 3825 345 3894 1⁶³)
365 3826 398 3879 id
417 3828 497 3893 qnod
516 3829 676 3881 Lewisium
694 3829 801 3881 fecisse
821 3826 917 3894 video,
947 3829 998 3893 qui
1027 3833 1127 3880 tamen
1156 3842 1259 3880 vorsus
1288 3891 1294 3900 ¹

194 3916 229 3968 14
247 3921 276 3968 ct
296 3915 329 3969 15
349 3924 504 3982 suspectos
524 3918 648 3971 censuit.

299 4003 345 4069 1⁶¹)
366 4006 463 4060 simile
483 4006 680 4072 epimythium
700 4007 730 4058 in
742 4005 852 4070 Aesopi
867 4005 978 4058 fabulis
989 4004 1159 4057 aNeveleto
1170 4003 1258 4057 aditis

194 4109 257 4161 pag.
278 4094 338 4147 224.
