2924 4786
700 328 744 334 .-
768 288 877 352 98--

252 469 409 534 lectitata
434 467 613 533 concedes,
663 466 731 531 Sed
747 507 788 512 —
807 475 846 531 ut
871 467 964 531 unde
989 468 1115 550 egressi
1132 489 1263 546 sumus,
1282 489 1324 532 eo

252 562 466 643 reuertamur
499 613 544 622 -
578 573 666 639 illud
696 573 791 639 δοκεῖ
825 575 992 659 quoniam
1015 574 1074 639 vix
1096 573 1215 639 Babrii
1249 596 1324 640 esse

254 677 577 761 demonstravimus
615 701 687 746 una
722 702 803 745 cum
818 681 1054 745 -Lachmanno
1078 687 1113 746 et
1147 680 1222 746 aliis
1256 681 1324 747 hoc

254 789 488 877 epimythium
511 789 549 853 in
573 809 695 854 eorum
719 808 865 854 numero
881 798 997 874 posse
1031 788 1153 853 haberi
1188 810 1323 868 censeo,

255 897 297 962 de
322 896 450 983 quibus
474 895 592 960 Babn'i
616 896 686 960 sint
708 916 828 973 necne,
853 894 954 960 liceat
978 894 1145 960 dubitare.
1169 929 1171 933 ·
1204 926 1206 931 ·

254 1002 323 1068 fab.
350 1003 401 1067 60.
982 1016 985 1022 ’

255 1111 343 1188 Mus,
369 1109 491 1194 quiin
515 1108 620 1173 ollam
643 1108 727 1173 iuris
750 1107 891 1194 plenam
916 1108 1093 1188 ceciderat,
1120 1108 1205 1174 dum
1222 1109 1324 1196 adipe

256 1214 465 1282 suffocatur:
490 1215 556 1295 edi,
573 1216 698 1300 inquit,
722 1215 805 1294 bibi,
823 1215 968 1281 lautitiis
983 1213 1109 1282 fruitus
1126 1238 1213 1280 sum.
1249 1217 1323 1281 lam

255 1331 395 1409 tempus
420 1329 472 1388 est
495 1324 591 1387 mori.

255 1430 496 1516 Epimythium
521 1431 678 1514 sequitur
700 1429 781 1494 hoot'

256 1538 308 1616 60,
327 1538 356 1601 5.
394 1537 464 1602 τότ’
490 1535 532 1601 ἂν
556 1537 669 1620 λίχνος
691 1538 801 1618 γένοιο
824 1541 892 1619 μῦς
915 1536 952 1601 ἐν
976 1535 1187 1619 ἀνθρώποις,

394 1644 454 1709 ἐὰν
478 1643 517 1709 τὸ
541 1642 784 1726 κανοβλοίπνον
807 1642 944 1726 acorna
968 1645 1172 1728 παραιτήσῃ.

365 1751 403 1815 ln
426 1772 529 1817 versu
553 1749 718 1830 secund0,
752 1751 812 1835 qui
836 1757 946 1815 metro
972 1744 1073 1829 caret,
1098 1772 1238 1817 necesse
1263 1756 1323 1829 est,

257 1865 297 1923 ut
322 1880 403 1922 cum
426 1856 656 1922 Boissonadio
679 1877 742 1943 pro
767 1856 841 1922 cod.
867 1855 897 1921 A
922 1858 1089 1942 scriptura
1106 1857 1173 1930 ,ἐὰν
1201 1857 1324 1923 scriba-

257 1987 335 2029 mus
371 1963 413 2029 ἂν
447 1964 502 2030 vel
540 1965 592 2048 ἥν.
652 1963 755 2046 Quod
794 1965 822 2029 si
861 1962 1053 2045 fecerimus,
1094 1964 1324 2050 epimythium

257 2072 392 2137 nullam
416 2071 560 2157 praebet
591 2069 834 2137 difficultatem
869 2072 1056 2137 metricam.
1103 2071 1194 2136 Nam
1229 2072 1325 2157 quod

257 2179 414 2245 Hcchius
437 2180 576 2244 monuit
599 2181 689 2263 (pag.
715 2179 770 2263 23)
804 2179 958 2244 alienum
994 2201 1067 2245 esse
1092 2200 1112 2244 a
1135 2179 1252 2245 Babrii
1274 2201 1324 2244 ra-

256 2286 411 2351 tionibus
446 2285 658 2371 prosodiacis
693 2285 807 2369 λίχνος
840 2276 1053 2351 vocabulum
1076 2309 1087 2350 ι
1109 2287 1221 2352 vocab
1244 2293 1324 2353 ante

254 2404 297 2476 χν
321 2398 477 2478 correpta
502 2392 660 2457 assentiri
680 2412 759 2460 ,non
782 2413 936 2478 possum.
985 2391 1159 2473 Conferas,
1184 2415 1324 2478 quaeso,

255 2521 345 2585 quae
370 2499 507 2584 saepius
536 2499 607 2564 iam
643 2498 685 2564 de
709 2497 843 2564 Atticae
868 2500 1092 2586 correptionis
1127 2522 1195 2566 usu
1230 2500 1326 2586 apud

257 2607 424 2672 Babrium
459 2594 636 2693 explicavi.
689 2605 849 2672 Ceterum
885 2609 943 2673 cui
975 2630 1096 2674 versus
1131 2609 1151 2673 5
1185 2614 1326 2694 propter

257 2713 352 2778 illam
369 2714 621 2798 correptionem
638 2713 822 2800 displicuit,
847 2712 947 2780 facile
963 2716 1078 2800 potuit
1094 2712 1325 2780 offensionem

257 2841 347 2905 quae
370 2819 556 2886 videbatur
578 2820 697 2886 tollere
720 2821 907 2887 verborum
931 2820 973 2886 ἂν
997 2827 1030 2887 et
1054 2821 1168 2905 λίχνος
1202 2821 1322 2888 ordine

256 2926 466 3011 ananau)
1119 2941 1121 2951 ’

389 3033 466 3097 τότε
489 3033 602 3115 λίχνος
626 3031 668 3096 ἂν
690 3034 800 3115 γένοιο
822 3038 890 3116 μῦς
913 3034 950 3098 ἐν
973 3033 1185 3117 ἀνθρώποις.

257 3138 354 3220 Quae
394 3139 592 3204 coniectura
620 3138 716 3203 haud
751 3141 820 3205 scio
845 3162 891 3205 an
915 3141 989 3206 cod.
1036 3140 1325 3234 Aconfirmptur,

254 3246 319 3331 'qui
342 3244 482 3312 exhibet
506 3246 598 3325 adca,
635 3246 776 3326 accedit,
802 3247 898 3333 quod
922 3255 1131 3334 anapaestus
1153 3249 1191 3313 in
1214 3249 1326 3334 pn'ma

257 3352 339 3418 sede
364 3353 461 3438 apud
483 3352 651 3418 Babrium
674 3354 919 3419 usitatissimus
943 3360 1003 3434 est,
1039 3356 1241 3440 praesertim
1264 3355 1326 3420 ubi

255 3454 376 3524 uersus
401 3467 440 3524 ut
463 3459 496 3524 h.
522 3459 542 3524 l.
569 3482 589 3524 a
611 3458 782 3524 vocabulo
805 3459 976 3546 bisyllabo
999 3460 1054 3526 vel
1069 3462 1324 3547 praepositione

259 3566 340 3645 (ἐπί,
364 3567 460 3648 μενά,
485 3566 589 3646 παρά,
614 3566 696 3652 ὑπό)
714 3565 769 3632 vel
792 3565 859 3631 alia
874 3567 998 3632 vocula
1015 3567 1090 3653 (ὅτι,
1117 3567 1210 3648 διότι,
1236 3568 1325 3634 πολύ

258 3659 347 3755 sim.)
383 3668 505 3758 incipit
529 3670 583 3756 (cf.
609 3672 731 3738 Ficum
753 3694 832 3759 pag.
858 3659 932 3738 827Ι
948 3678 1046 3759 sqq.).
1083 3675 1325 3766 Epimythium

303 3819 306 3826 ¹
363 3802 519 3900 ¹7¹)s-aepe
538 3832 568 3884 in
589 3833 691 3886 Babrii
709 3834 821 3886 fabulis
841 3833 1031 3886 recensendis
1059 3834 1154 3886 critici
1183 3836 1238 3887 hac
1266 3848 1325 3886 me*-

257 3919 325 3973 dela
346 3921 591 3988 (transpositione
602 3923 771 3991 verborum)
792 3923 840 3974 usi
859 3927 937 3988 sunt,
958 3922 1072 3988 quade
1092 3939 1122 3975 re
1144 3924 1180 3977 cf.
1200 3924 1325 3976 Ruther·

256 4009 332 4064 ford.
352 4011 460 4064 int-rod.
480 4028 544 4078 pag.
559 4010 651 4077 XCII,
671 4012 731 4067 Fic.
746 4011 816 4064 diss.
831 4028 896 4078 pag.
911 4011 963 4064 842
982 4017 1012 4064 et
1030 4011 1090 4078 844,
1111 4012 1263 4066 Ludwich,
1276 4013 1325 4066 1.1.

256 4115 321 4165 pag.
342 4100 366 4153 7.
