2924 4786
637 289 813 350 -65-

194 470 290 536 lacile
307 469 486 552 intelleges
502 465 733 554 ‹rpimytlrium
751 464 945 535 desiderari,
960 484 1030 548 quo
1043 484 1257 529 moneamur.

195 600 238 642 ue
274 577 389 642 conati
418 573 504 660 quid
531 572 643 638 lacere
667 572 804 638 inuidos
828 592 988 635 curemus
1013 570 1066 634 vel
1089 571 1258 656 vitupera-

195 693 295 763 tores,
313 689 434 768 utpote
451 680 580 766 quibus
597 678 684 743 nihil
700 679 844 764 placeat.
871 676 964 742 Vidit
984 678 1054 741 iam
1070 677 1259 747 Nauckius.

196 792 265 875 qui,
291 789 387 875 quod
405 786 632 864 desiderabat,
658 808 699 851 ex
723 786 832 850 animi
853 785 1049 850 coniectura
1074 785 1148 870 (ror
1173 782 1261 870 φθό-

197 921 255 963 νον
289 897 318 961 θ’
355 895 394 961 ἔα
426 897 569 982 χαίρειν)
601 894 744 978 scripsit.
793 891 890 974 Quae
920 899 1038 957 tamen
1064 893 1260 958 coniectura

196 1004 279 1069 mihi
304 1024 377 1068 non
401 1002 582 1088 probatum
608 999 786 1085 quomodo
811 1000 902 1064 enim
928 998 1002 1063 cod.
1029 999 1067 1064 A.
1094 1001 1260 1085 scriptura

197 1111 255 1176 τόν
279 1111 416 1195 φθόνον
441 1108 476 1174 di
500 1110 547 1192 μὴ
572 1111 696 1189 κρίνειν
720 1107 799 1171 oriri
823 1107 972 1193 potuerit
999 1130 1016 1168 c
1041 1106 1187 1172 lectione
1203 1106 1261 1171 illa

197 1219 256 1285 τὸν
281 1218 418 1302 φθόνον
436 1216 464 1281 θ’
490 1215 529 1281 ἔα
542 1219 680 1298 χαίρειν,
707 1234 778 1278 non
794 1213 967 1297 intellego,
993 1235 1106 1298 neque
1124 1235 1261 1299 persua-

198 1326 241 1390 sit
275 1323 361 1389 mihi
396 1322 584 1388 Nauckius.
633 1320 797 1402 Quaestio
832 1321 937 1404 igitur·
965 1318 1014 1397 lit,
1045 1342 1130 1384 num
1161 1320 1259 1387 liceat

199 1431 302 1496 verbo
326 1434 449 1511 κρίνειν
472 1430 544 1494 tim
568 1429 724 1493 subicere
749 1449 835 1501 earn,
862 1449 952 1512 quac
975 1427 1080 1492 huius
1105 1428 1171 1492 loci
1188 1449 1261 1493 sen-

198 1539 305 1604 tentia
330 1537 533 1623 postuletur,
559 1537 578 1600 i.
605 1559 632 1599 e.
660 1535 862 1612 ‘treaehtent
889 1534 1025 1600 ‘aolrteu
1042 1533 1122 1599 aul'.
1161 1534 1263 1616 Quod

198 1647 226 1710 si
249 1644 373 1713 licebit,
400 1665 518 1708 versus
544 1644 583 1707 li
609 1644 671 1707 erit
696 1664 800 1707 sensu
825 1643 987 1728 optimus.
1043 1641 1158 1727 Atque
1182 1663 1261 1707 cum

198 1756 321 1834 κρίνειν
353 1751 499 1816 verbum
534 1757 743 1835 usurpatum
778 1751 976 1815 inveniatur
1010 1748 1263 1832 significatione

199 1857 354 1923 adhibita
391 1856 614 1923 ‘beurteilen’.
651 1856 778 1921 deinde
815 1856 898 1920 ‘sich
934 1856 1159 1922 entseheiden
1187 1855 1262 1923 lur'.

200 1964 402 2031 'corzielren'
428 1962 482 2047 (of.
508 1963 606 2049 Papii
623 1963 686 2028 lex.
707 1962 771 2028 vol.
796 1962 821 2029 Ι,
847 1985 924 2048 pag.
944 1964 1052 2040 1389),
1070 1963 1166 2029 haud
1183 1967 1262 2030 scio.

200 2094 244 2136 au
268 2073 419 2157 potuerit
443 2070 536 2136 abire
561 2073 598 2134 in
622 2072 800 2136 notionem
834 2069 1036 2135 ‘beaoliten’.
1090 2071 1264 2156 Equidem

201 2178 304 2243 liuius
339 2178 520 2264 epimpthii
550 2177 675 2242 Babrio
711 2185 800 2241 certe
833 2177 929 2260 digni
954 2176 1133 2242 maluerim
1158 2178 1263 2242 verbo

201 2285 304 2351 alicui
321 2283 611 2368 significationem
629 2285 784 2349 subicere
805 2285 1008 2349 inusitatam
1026 2283 1179 2369 quidem,
1205 2285 1265 2349 sed

200 2413 289 2477 quae
313 2393 421 2477 possit
439 2389 589 2463 delendi,
616 2413 723 2475 quarn
746 2398 861 2456 toturn
884 2393 1009 2457 reicere
1034 2392 1264 2477 epimythium

200 2498 503 2582 elegantissimum.
553 2497 588 2562 Si
604 2519 685 2562 vcro
711 2499 866 2563 conicere
883 2519 955 2563 non
972 2497 1085 2563 licebit
1104 2521 1123 2562 a
1140 2499 1266 2564 Babn'o

200 2605 391 2670 subiectam
416 2625 489 2669 esse
513 2608 637 2686 notrae
660 2605 765 2669 verbo
790 2604 1078 2689 significationem
1104 2604 1267 2684 illam‚¹¹¹'')

201 2719 260 2776 aut
290 2711 438 2777 Nauckii
469 2713 704 2776 coniecturam
741 2711 801 2777 τόν
832 2712 969 2795 φθόνον
1006 2712 1035 2776 θ’
1072 2711 1111 2777 ἔα
1139 2717 1267 2795 χαίρειν

202 2840 340 2883 necesse
363 2820 426 2884 erit
449 2820 485 2882 in
508 2827 643 2884 textum
665 2820 768 2905 recipi
786 2827 846 2884 aut
863 2818 1055 2884 Ebcrlrardi
1068 2830 1099 2884 et
1118 2819 1266 2905 llaehlyi

199 2926 248 3008 μὴ
284 2925 422 3008 φθόνον
457 2925 485 2989 θ’
518 2925 558 2991 ἔα
586 2930 719 3008 κρίνειν,
749 2947 839 3011 quae
868 2927 953 2992 mihi
985 2926 1126 3011 quidem
1159 2929 1269 3011 magis

202 3030 469 3117 plaeeteutpote
487 3054 576 3117 quae
601 3048 633 3097 et
659 3033 768 3098 lenior
788 3034 830 3097 sit
856 3041 888 3098 et
914 3032 1052 3099 delendi
1078 3036 1184 3119 possit
1210 3036 1268 3100 cis.

309 3209 354 3276 115)
375 3218 574 3277 perscrutatus
599 3212 676 3263 lmnc
702 3214 798 3263 locum
820 3213 915 3278 primo
935 3214 1047 3264 conieci
1073 3214 1269 3279 epimytlrium

203 3301 261 3351 lab.
281 3299 316 3351 59
336 3301 497 3365 posteriore
517 3299 638 3351 demum
658 3307 754 3353 aetate
774 3303 971 3367 compositum
1000 3320 1073 3355 csse.
1102 3319 1159 3366 qua
1181 3303 1269 3352 verbo

202 3389 312 3454 κρίνειν
331 3395 361 3440 ut
383 3389 449 3440 aliis
468 3390 571 3440 multis
591 3391 744 3442 vocabulis
763 3391 882 3441 serioris
903 3390 1078 3442 Graecitatis
1099 3391 1156 3442 alia
1181 3390 1269 3453 signi·

203 3478 304 3529 ficatio
324 3479 516 3532 sirbiceretur.
555 3483 618 3542 Qua
638 3479 675 3530 dc
696 3495 811 3531 recum
832 3496 928 3545 neque
950 3481 1153 3543 ltu-tangium
1174 3496 1270 3544 nermo

203 3567 379 3632 Sophoclem
397 3566 592 3619 disserentem
608 3569 781 3632 invenerim,
803 3569 1124 3622 Krumlraelrerum.
1151 3570 1270 3620 serioris

202 3656 371 3717 graecitatis
382 3657 533 3708 hominem
546 3658 767 3722 peritissimum.
786 3659 961 3722 perlitteras
973 3659 1158 3720 interrogari.
1188 3659 1219 3709 m
1238 3659 1269 3713 is.

205 3752 234 3795 ut
264 3754 308 3797 est
328 3746 421 3797 comis
450 3752 538 3810 atque
568 3747 723 3807 benignus.
753 3745 789 3797 ad
820 3764 865 3797 me
894 3748 1010 3811 scripsit
1031 3748 1128 3813 ipsum
1149 3746 1269 3812 quidem

204 3849 351 3899 nusquam
371 3835 521 3886 invenisse
541 3837 664 3887 verbum
685 3834 758 3886 illud
779 3837 889 3900 κρίνειν
905 3835 1270 3898 significationeadhibita

203 3922 449 3978 ‘beac·lrte11'.secl
471 3922 789 3989 neim'entacpridem
811 3925 898 3976 licere
928 3924 1014 3975 nobis
1044 3925 1181 3984 colligere
1211 3925 1270 3989 epi·

205 4012 351 4077 mytlrium
371 4013 480 4065 seriore
500 4012 620 4065 demum
641 4015 690 4066 illa
712 4023 807 4064 aetate
828 4014 1024 4081 compositum
1045 4032 1117 4064 esse.
1157 4044 1170 4050 -
1196 4016 1270 4063 t'cm-

206 4100 332 4153 icc-curas
353 4111 451 4153 alitem
472 4119 560 4169 supra
581 4104 703 4156 collatas
723 4119 957 4168 superum-aneas
978 4102 1101 4153 censuit.

1059 4209 1076 4258 5>
