2924 4786
613 282 789 344 -6Ῑ-

170 478 198 519 r.
229 456 259 534 9,
290 456 350 520 ubi
386 455 478 521 idem
504 456 714 522 vocabulum
749 459 785 522 in
816 457 886 524 fine
910 482 1029 525 versus
1058 483 1078 526 a
1108 461 1234 527 Bebrio

169 562 359 628 mimissunr
376 585 450 628 esse
467 563 594 643 videas,
614 586 720 650 quarn
738 565 812 630 eod.
830 565 870 630 A.
890 568 1094 652 scripturam
1112 589 1235 633 omnes

170 669 315 736 editores
338 654 581 737 retinuerunt.
648 671 797 737 Sensum
834 672 959 738 deinde
993 675 1060 760 ipsi
1095 674 1234 741 fabulae

169 776 528 843 rreoomodatissimum
556 802 639 859 osse,
665 781 726 863 qui
744 778 907 845 fabellam
923 780 1135 862 lectitarent,
1155 804 1233 848 oon·

170 883 267 950 redet
290 906 430 951 neeesse
455 886 518 950 erit
546 889 751 972 (comparari
775 896 893 953 autem
922 895 1036 974 potest
1061 911 1140 954 oum
1165 892 1233 976 opi-

171 994 308 1079 rnythiis
332 991 425 1058 fabb.
452 993 482 1057 4.
501 994 552 1058 31.
573 995 671 1072 nr).
719 995 880 1081 Denique
904 997 941 1060 in
964 1017 1122 1061 sermone
1139 1000 1233 1082 equi-

171 1100 246 1165 ‹lem
272 1101 359 1165 nihil
382 1101 510 1178 inveni,
536 1101 632 1186 quod
656 1100 819 1167 aBabrio
844 1102 998 1167 alienum
1022 1105 1073 1182 sit,
1100 1126 1163 1169 neo
1184 1105 1233 1168 in-

172 1216 337 1273 venerunt
361 1209 425 1272 viri
450 1207 552 1272 (loeti.
601 1208 645 1273 At
663 1208 821 1273 Hoohius
844 1209 978 1292 μᾶλλον
1002 1211 1234 1277 senribarbare

171 1315 299 1380 dietum
335 1337 408 1379 esse
446 1316 582 1379 monuit
618 1303 866 1400 Babu’umque
891 1316 1051 1382 debuisse
1088 1319 1233 1383 seribere

169 1420 279 1504 μείζω.
335 1422 399 1487 Cui
423 1429 463 1486 ut
487 1423 663 1488 assentiar.
689 1421 765 1488 fieri
788 1443 860 1487 non
884 1431 1006 1509 potest.
1054 1425 1144 1489 Nam
1174 1425 1233 1490 tali

170 1530 416 1594 constructioni
440 1529 636 1607 vorborum,
663 1529 777 1613 qualis
800 1530 834 1594 h.
860 1529 880 1594 l.
905 1529 1030 1613 legitm·
1052 1533 1109 1596 καὶ
1133 1530 1235 1613 (δόξαν

170 1635 243 1719 ἔσχε
264 1638 321 1701 καὶ
343 1636 524 1718 κινδύνους
539 1637 706 1719 ὑπέμεινε,
724 1638 954 1722 praemissum
969 1637 1102 1720 μᾶλλον
1119 1640 1233 1723 aptius

171 1743 304 1809 ridetur
327 1765 434 1829 quam
457 1743 561 1826 μείζω
585 1745 641 1808 καὶ
665 1743 767 1826 δόξαν
791 1743 864 1826 ἔσχε
889 1746 945 1811 καὶ
971 1744 1143 1828 (μείζους)
1168 1767 1234 1809 κιν-

170 1852 292 1933 δύνους
315 1852 483 1934 ὑπέμεινε,
509 1872 598 1935 quae
623 1850 719 1915 haud
743 1852 823 1917 seio.
849 1873 894 1916 en
919 1851 1040 1917 durius
1064 1852 1232 1917 dicautur.

170 1957 318 2025 Accedit.
333 1956 429 2041 quod
441 1957 574 2038 μᾶλλον
588 1978 659 2020 non
675 1965 748 2021 tam
763 1957 865 2039 (δόξαν
878 1967 911 2022 et
930 1958 1109 2041 κινὸύνους
1125 1960 1233 2023 nomi-

171 2063 271 2129 nibus
292 2063 499 2129 attributum
513 2074 564 2128 est
577 2085 683 2148 quam
696 2062 821 2141 verbio,
836 2085 925 2148 quae
939 2087 1019 2129 oum
1032 2065 1234 2130 nominibus

169 2172 267 2255 quasi
290 2172 328 2235 in
352 2192 464 2263 unum
489 2170 688 2235 coalescunt
711 2170 857 2236 verbum
881 2173 938 2248 ita,
965 2180 1003 2236 ut
1028 2171 1130 2253 (δόξαν
1149 2171 1235 2254 ἔχειν

170 2276 259 2343 idem
282 2277 395 2343 valeat
419 2299 458 2342 ao
483 2278 674 2360 rodonnesio
698 2286 731 2342 et
748 2277 926 2360 κινὸύνους
941 2279 1124 2361 ὑπομένειν
1139 2277 1233 2342 idem

169 2396 271 2470 atque
295 2384 502 2450 κινδυνεύειν
527 2384 673 2469 (μᾶλλον
689 2386 745 2449 καὶ
762 2383 935 2468 εὐδοκιμεῖ
948 2387 1004 2450 καὶ
1019 2385 1232 2470 κινὸυνεύει).

169 2492 236 2557 Sed
271 2500 350 2557 utut
384 2513 438 2555 res
473 2514 508 2556 se
534 2491 649 2567 hebet,
673 2492 806 2575 μᾶλλον
831 2492 863 2556 h.
890 2493 908 2556 l.
936 2492 1022 2558 adeo
1047 2493 1232 2558 molestum

169 2621 250 2677 esse,
277 2608 315 2664 ut
338 2598 476 2664 tolerari
501 2621 572 2663 non
596 2601 714 2684 possit,
741 2621 811 2663 una
828 2622 907 2664 omn
926 2601 1005 2665 viris
1026 2598 1135 2664 doctis
1152 2602 1233 2665 artis

168 2707 411 2785 grammaticae
436 2719 525 2770 certe
550 2705 646 2770 haud
670 2707 807 2789 ignaris.
834 2708 893 2790 qui
919 2706 984 2771 hoo
1002 2707 1233 2792 epimythium

172 2811 293 2877 Bebrio
317 2812 559 2879 attribuerunt.
585 2833 625 2876 eo
649 2810 788 2876 infitias
851 2813 1007 2899 Denique
1032 2813 1128 2898 quod
1152 2814 1232 2878 (iu-

168 2921 239 2984 sius
273 2920 410 2984 monuit
442 2921 609 2983 omissum
635 2943 707 2984 esso
733 2920 807 2985 eod.
834 2920 873 2984 A.
899 2921 1131 3006 epirnythium
1156 2928 1233 2986 eta

169 3026 392 3113 paraphrasta
428 3025 644 3109 (Bodleiano)
681 3038 714 3093 ot
744 3027 788 3091 ab
824 3028 958 3092 Avieno
987 3040 1232 3111 argumentum

168 3145 218 3217 est
236 3154 306 3198 non
324 3133 411 3198 adeo
429 3133 668 3218 prennrndum.
707 3133 882 3211 ConferaS,
897 3156 1037 3220 quaese,
1051 3135 1116 3200 hac
1130 3135 1173 3201 do
1187 3159 1232 3213 re,

168 3262 257 3326 quae
293 3263 397 3326 supra
434 3252 522 3325 (pag.
553 3242 591 3303 12
616 3250 680 3325 sq.)
703 3240 813 3305 fusius
830 3240 1086 3326 explicavimus.
1136 3246 1233 3322 (Quae

168 3370 246 3412 rum
272 3349 319 3413 ita
344 3349 421 3412 sint.
448 3347 678 3433 epimythiunr
705 3345 865 3411 deiende.

169 3454 235 3520 tab.
261 3456 313 3520 65.

168 3561 308 3627 'Paroni
334 3560 534 3648 splendidas
559 3584 692 3647 pennus
714 3563 855 3627 iartnnti
880 3560 966 3626 dixit
986 3582 1084 3643 grus:
1105 3559 1231 3624 Verum

169 3670 252 3733 meis
287 3670 413 3755 pinnis.
452 3690 538 3752 quus
574 3670 768 3732 rontomnis
804 3669 965 3735 cinereus,
1004 3668 1159 3751 proxime
1189 3667 1232 3730 arl

167 3787 258 3841 astra
282 3776 423 3842 accedo:
449 3788 487 3840 tu
513 3776 625 3839 aureis
650 3773 715 3837 illis
732 3774 822 3838 ultra
839 3774 988 3837 humum
1006 3794 1077 3835 non
1095 3772 1231 3836 ‹·rolas.'

171 3882 318 3948 Fabulae
343 3885 378 3948 in
404 3882 478 3947 eod.
505 3882 542 3945 A.
570 3882 635 3946 hor
660 3881 885 3944 suoiunmnn
911 3886 960 3942 est
985 3877 1230 3962 rpimythium:

189 3990 241 4055 oo.
256 3993 285 4053 ῖ.
327 3988 528 4073 θαυμαστὸς
551 3990 635 4053 εἶναι
662 3988 724 4053 σὺν
749 3986 884 4070 τρίβωνι
909 3985 1098 4068 Ινοιιλοίμιμι

325 4097 343 4181 ἡ
369 4096 429 4180 ζῆν
453 4095 586 4177 doeg-'rog
610 4097 756 4178 πλουσίᾳ
782 4094 843 4159 σὺν
867 4092 997 4176 ἐσθῆτι.

1019 4216 1050 4265 5*
