2924 4786
685 281 863 343 ..44-

241 459 355 525 solum
384 459 446 525 scd
473 460 577 524 otiam
603 457 1032 543 tlrellium-Baiterumque
1058 458 1156 524 valdo
1181 460 1316 525 mirum

242 565 347 649 cstsss')
404 565 578 632 intellexit
613 564 778 631 claudum
801 586 940 630 versum
968 566 1005 629 in
1029 565 1220 631 editoribus
1244 569 1315 652 pri-

241 695 320 738 nms
335 673 495 751 Weisius,
521 673 583 757 qui
607 693 688 737 cum
713 672 830 757 ‘probe
848 670 1022 738 sufficeret
1038 672 1083 737 ad
1100 672 1315 737 sententiam

240 783 446 866 postreums'
483 779 596 844 deleto
621 801 722 845 versu
758 780 777 842 ἶ)
807 786 928 864 utpote
958 780 1075 864 spurio
1100 778 1214 843 solum
1237 800 1315 844 ver-

242 909 320 952 sum
344 890 364 950 s
389 886 570 972 epimythii
586 886 662 951 loco
684 887 768 972 poni
786 886 903 950 voluit.
953 885 1115 951 Similiter
1130 885 1312 959 Lewisius,

241 995 303 1078 qui
328 995 367 1057 ‘si
382 1014 501 1058 versus
525 1014 711 1076 germanus
736 1002 825 1057 esset
849 991 971 1076 σφόδρ’
988 1013 1051 1078 pro
1067 993 1144 1059 λλαν
1160 991 1313 1057 scriben-

242 1100 336 1164 dum‘
363 1124 436 1165 esse
461 1100 616 1165 coniecit
664 1101 716 1164 Ex
739 1099 841 1164 turba
866 1099 992 1164 deindo
1017 1100 1169 1165 uirorum
1193 1098 1313 1165 docto·

240 1229 328 1286 rum,
366 1208 427 1291 qui
460 1206 536 1272 loco
573 1228 655 1272 sane
680 1212 841 1291 corrupto
866 1205 1039 1271 medelam
1063 1227 1182 1292 parare
1207 1226 1312 1271 oona-

242 1314 380 1393 bantur,
424 1334 694 1379 commemorare
734 1312 835 1378 liccat
869 1312 1112 1377 Hermannum
1150 1313 1190 1378 σὺ
1225 1314 1312 1395 μέγ’,

242 1422 280 1485 0.
307 1420 558 1488 Schneiderum
584 1419 666 1504 (λῇν,
693 1419 888 1505 Sauppium
913 1418 985 1503 ὁήν,
1004 1419 1313 1485 Schneidewinum

240 1529 315 1613 λήν,
340 1526 582 1592 Gitlbaucrum
605 1526 712 1610 μηδὲν
736 1527 932 1607 ἐπαναίρου.
979 1527 1101 1611 Neque
1124 1534 1244 1591 tamen
1269 1550 1314 1592 ex

241 1636 296 1700 bis
321 1636 527 1703 coniectmis
551 1655 623 1699 una
647 1633 769 1720 placet,
788 1633 848 1698 scd
864 1633 975 1698 multo
992 1633 1206 1719 probabilius
1223 1633 1313 1698 mihi

240 1741 386 1820 videtur,
424 1741 520 1826 quod
543 1740 766 1807 Ludwichius
790 1763 902 1827 nuper
931 1742 1128 1827 proposuit:
1153 1741 1200 1823 μὴ
1229 1739 1313 1824 λῆμ’

241 1850 384 1929 tociaco
408 1847 540 1914 collatis
565 1847 745 1933 Sophoclis
771 1849 808 1912 t).
832 1849 869 1913 T.
887 1871 918 1913 r.
938 1849 1001 1912 635
1020 1849 1137 1915 στάσιν
1152 1847 1313 1931 γλώσσης

242 1954 424 2038 ἐπήρασνλζ
459 1956 535 2021 Em.
561 1955 636 2041 lph.
663 1955 700 2020 T.
726 1977 756 2018 v.
789 1957 875 2020 1484
899 1957 1023 2021 παύσω
1049 1955 1084 2020 dl
1108 1955 1242 2037 λόγχην,
1266 1954 1312 2037 ἣν

241 2063 425 2146 ἐπαίρομαι
448 2061 554 2145 ξένοις
577 2062 632 2146 (ci.
660 2051 764 2129 ‘Uber
788 2064 871 2129 zwei
888 2061 1049 2128 Scholion
1066 2084 1109 2127 zu
1125 2059 1311 2126 Herondas

242 2169 316 2234 und
340 2171 451 2253 cinige
476 2170 723 2236 Vcrderbnissc
747 2169 804 2233 bei
827 2169 984 2234 'Babrius'
1009 2171 1046 2235 in
1069 2170 1145 2235 Ind.
1169 2169 1245 2234 loct.
1271 2168 1310 2231 in

241 2277 335 2341 univ.
362 2276 491 2342 Albert.
524 2277 720 2359 Regimont.
751 2275 831 2339 hab.
858 2277 942 2340 armi
968 2276 1075 2355 1902).
1136 2276 1204 2341 Sed
1237 2276 1308 2340 iam

242 2383 428 2467 quaeritur,
473 2405 559 2447 num
603 2383 716 2447 iniens
759 2383 808 2446 ita
852 2389 994 2447 sanatus
1033 2405 1152 2449 versus
1191 2382 1310 2447 exiens

243 2488 396 2575 (γαῦρον)
436 2489 550 2554 Babrii
597 2490 678 2554 artis
718 2489 878 2554 metricae
916 2488 1052 2573 legibus
1089 2489 1307 2576 respondeat.

240 2595 432 2662 Ahrensius
457 2597 549 2660 enim
573 2597 706 2681 primus
730 2603 809 2681 post
833 2596 906 2661 cod.
932 2596 971 2662 A.
997 2596 1134 2663 fabulas
1157 2603 1310 2681 repertas

242 2703 329 2768 duas
352 2702 445 2786 leges
468 2704 628 2768 metricas
664 2704 801 2768 monuit
837 2705 887 2779 (in
924 2704 1111 2769 ‘corollario
1148 2702 1309 2772 emcnda-

241 2811 379 2875 tionum
403 2809 667 2876 Babrianarum'
694 2810 987 2895 supralaudato),
1013 2813 1161 2896 quasin
1185 2810 1309 2876 ultimo

242 2916 518 2983 choliambomm
543 2918 630 3005 pede
648 2917 795 2982 Babrius
814 2917 948 2983 videtm·
965 2941 1126 2986 seruasse.
1153 2919 1309 2999 Quarum

242 3023 358 3089 altera,
379 3032 439 3103 est,
476 3034 515 3090 ut
550 3024 801 3110 paenultimam
838 3046 958 3088 versus
993 3047 1129 3111 semper
1164 3030 1310 3090 accentu

243 3128 364 3209 feriret,
391 3131 497 3196 altera
521 3139 560 3197 ut
582 3133 619 3196 in
644 3137 797 3197 extremo
821 3152 923 3196 versu
959 3132 1108 3217 syllabas
1143 3153 1216 3196 non
1252 3131 1309 3196 ad-

243 3238 392 3304 mitteret
415 3239 483 3302 nisi
506 3245 631 3303 natura
654 3239 786 3322 longas.
836 3238 904 3304 Sed
929 3246 965 3305 ut
990 3240 1085 3305 illam
1103 3238 1145 3304 de
1163 3247 1309 3304 accentu

241 3346 278 3409 in
302 3346 517 3431 paenultima
541 3368 661 3412 versus
685 3346 765 3410 sede
790 3347 904 3432 posito
920 3346 1032 3430 legem
1049 3345 1180 3432 ubique
1196 3346 1309 3411 valere

242 3452 506 3517 concedendum
538 3461 597 3531 cst,
633 3454 681 3517 ita
707 3452 888 3532 debuine,
914 3474 1004 3537 quae
1029 3460 1159 3539 spectet
1183 3451 1228 3518 ad
1262 3453 1309 3519 vi·

240 3557 365 3622 tandas
391 3559 510 3624 brm'es
533 3561 570 3623 in
595 3567 748 3624 <extremo
783 3581 885 3624 versu
921 3560 1070 3645 syllabas
1106 3559 1309 3625 auctoritate

241 3672 275 3730 et
310 3686 377 3729 usu
413 3665 492 3730 licet
528 3666 696 3732 dubitare.
759 3667 826 3732 Tot
861 3669 955 3732 enim
989 3658 1220 3733 inveniuntur
1252 3665 1309 3731 ad·

241 3772 425 3838 missarum
464 3774 501 3837 in
547 3796 712 3845 versuum
751 3776 846 3840 exitu
892 3775 1051 3840 brevium
1098 3773 1310 3859 syllabarum

347 4020 382 4088 85)
402 4024 508 4090 legisse
529 4032 629 4077 autem
649 4024 788 4078 videntur
807 4054 841 4062 -
853 4026 937 4090 ὼ,
958 4023 1038 4089 quod
1057 4041 1109 4092 per
1135 4042 1154 4078 α
1177 4025 1310 4076 vocalem

240 4111 372 4164 litteram
390 4114 472 4166 vocis
491 4112 559 4168 λίαν
577 4130 694 4182 semper
712 4114 886 4181 productam
906 4115 954 4181 (cf.
974 4113 1051 4181 λίην)
1071 4115 1229 4168 nonlicet.
