<?xml version="1.0" encoding="UTF-8"?>
<!DOCTYPE html PUBLIC "-//W3C//DTD XHTML 1.0 Transitional//EN"
    "http://www.w3.org/TR/xhtml1/DTD/xhtml1-transitional.dtd">
<html xmlns="http://www.w3.org/1999/xhtml" xml:lang="en" lang="en">
 <head>
  <title>
</title>
<meta http-equiv="Content-Type" content="text/html;charset=utf-8" />
  <meta name='ocr-system' content='tesseract 3.04.00' />
  <meta name='ocr-capabilities' content='ocr_page ocr_carea ocr_par ocr_line ocrx_word'/>
</head>
<body>
  <div class='ocr_page' id='page_1' title='image "./deindoleatqueau00hohmgoog_0069.png"; bbox 0 0 2924 4786; ppageno 0'>
   <div class='ocr_carea' id='block_1_1' title="bbox 638 286 794 351">
    <p class='ocr_par' dir='ltr' id='par_1_1' title="bbox 638 286 794 351">
     <span class='ocr_line' id='line_1_1' title="bbox 638 286 794 351; baseline -0.006 -17"><span class='ocrx_word' id='word_1_1' title='bbox 638 286 794 351; x_wconf 85' lang='lat'>-60-</span> 
     </span>
    </p>
   </div>
   <div class='ocr_carea' id='block_1_2' title="bbox 98 462 1283 3629">
    <p class='ocr_par' dir='ltr' id='par_1_2' title="bbox 98 462 1283 3629">
     <span class='ocr_line' id='line_1_2' title="bbox 193 462 1266 552; baseline -0.004 -20"><span class='ocrx_word' id='word_1_2' title='bbox 193 467 431 533; x_wconf 83' lang='lat' dir='ltr'>Atticistarum</span> <span class='ocrx_word' id='word_1_3' title='bbox 449 473 641 552; x_wconf 90' lang='lat' dir='ltr'>praecepta.</span> <span class='ocrx_word' id='word_1_4' title='bbox 667 463 843 529; x_wconf 82' lang='lat' dir='ltr'>Permulta</span> <span class='ocrx_word' id='word_1_5' title='bbox 859 465 1086 530; x_wconf 82' lang='lat' dir='ltr'>inveniuntur</span> <span class='ocrx_word' id='word_1_6' title='bbox 1097 464 1135 528; x_wconf 90' lang='lat' dir='ltr'>in</span> <span class='ocrx_word' id='word_1_7' title='bbox 1147 462 1266 528; x_wconf 87' lang='lat' dir='ltr'>Babrii</span> 
     </span>
     <span class='ocr_line' id='line_1_3' title="bbox 194 569 1266 658; baseline -0.004 -19"><span class='ocrx_word' id='word_1_8' title='bbox 194 572 321 639; x_wconf 84' lang='lat' dir='ltr'>fabulis</span> <span class='ocrx_word' id='word_1_9' title='bbox 337 573 517 651; x_wconf 84' lang='lat' dir='ltr'>voeabula,</span> <span class='ocrx_word' id='word_1_10' title='bbox 543 594 633 658; x_wconf 90' lang='lat' dir='ltr'>quae</span> <span class='ocrx_word' id='word_1_11' title='bbox 658 571 753 657; x_wconf 89' lang='lat' dir='ltr'>apud</span> <span class='ocrx_word' id='word_1_12' title='bbox 766 572 946 656; x_wconf 85' lang='lat' dir='ltr'>scriptores</span> <span class='ocrx_word' id='word_1_13' title='bbox 963 569 1154 636; x_wconf 87' lang='lat' dir='ltr'><strong>admodum</strong></span> <span class='ocrx_word' id='word_1_14' title='bbox 1172 591 1266 635; x_wconf 90' lang='lat' dir='ltr'>seros</span> 
     </span>
     <span class='ocr_line' id='line_1_4' title="bbox 98 676 1265 764; baseline -0.001 -20"><span class='ocrx_word' id='word_1_15' title='bbox 98 702 105 713; x_wconf 91' lang='lat'><strong>·</strong></span> <span class='ocrx_word' id='word_1_16' title='bbox 195 680 338 746; x_wconf 89' lang='lat' dir='ltr'>demum</span> <span class='ocrx_word' id='word_1_17' title='bbox 375 680 548 764; x_wconf 90' lang='lat' dir='ltr'>leguntur.</span> <span class='ocrx_word' id='word_1_18' title='bbox 612 678 709 760; x_wconf 81' lang='lat' dir='ltr'>Quae</span> <span class='ocrx_word' id='word_1_19' title='bbox 752 677 888 761; x_wconf 89' lang='lat' dir='ltr'>singula</span> <span class='ocrx_word' id='word_1_20' title='bbox 926 677 959 742; x_wconf 91' lang='lat' dir='ltr'>h.</span> <span class='ocrx_word' id='word_1_21' title='bbox 999 676 1020 741; x_wconf 93' lang='lat' dir='ltr'>l.</span> <span class='ocrx_word' id='word_1_22' title='bbox 1061 699 1265 743; x_wconf 88' lang='lat' dir='ltr'>enumerare</span> 
     </span>
     <span class='ocr_line' id='line_1_5' title="bbox 193 761 1283 872; baseline -0.004 -20"><span class='ocrx_word' id='word_1_23' title='bbox 193 788 338 871; x_wconf 88' lang='lat' dir='ltr'>longum</span> <span class='ocrx_word' id='word_1_24' title='bbox 363 794 414 853; x_wconf 89' lang='lat' dir='ltr'>est</span> <span class='ocrx_word' id='word_1_25' title='bbox 438 794 472 853; x_wconf 91' lang='lat' dir='ltr'>et</span> <span class='ocrx_word' id='word_1_26' title='bbox 496 807 802 872; x_wconf 82' lang='lat' dir='ltr'>supervacaneum,</span> <span class='ocrx_word' id='word_1_27' title='bbox 828 785 995 870; x_wconf 92' lang='lat' dir='ltr'>quoniam</span> <span class='ocrx_word' id='word_1_28' title='bbox 1020 805 1101 849; x_wconf 86' lang='lat' dir='ltr'>cum</span> <span class='ocrx_word' id='word_1_29' title='bbox 1125 761 1283 850; x_wconf 67' lang='lat' dir='ltr'>Schnei-⁸</span> 
     </span>
     <span class='ocr_line' id='line_1_6' title="bbox 196 890 1263 981; baseline -0.005 -21"><span class='ocrx_word' id='word_1_30' title='bbox 196 895 298 960; x_wconf 87' lang='lat' dir='ltr'>derus</span> <span class='ocrx_word' id='word_1_31' title='bbox 341 894 373 977; x_wconf 88' lang='lat' dir='ltr'>(l.</span> <span class='ocrx_word' id='word_1_32' title='bbox 410 893 431 958; x_wconf 91' lang='lat' dir='ltr'>l.</span> <span class='ocrx_word' id='word_1_33' title='bbox 468 914 545 979; x_wconf 90' lang='lat' dir='ltr'>pag.</span> <span class='ocrx_word' id='word_1_34' title='bbox 584 892 661 975; x_wconf 82' lang='lat'><strong>533)</strong></span> <span class='ocrx_word' id='word_1_35' title='bbox 704 899 738 958; x_wconf 91' lang='lat' dir='ltr'>ct</span> <span class='ocrx_word' id='word_1_36' title='bbox 761 890 996 956; x_wconf 87' lang='lat' dir='ltr'>Eberhardius</span> <span class='ocrx_word' id='word_1_37' title='bbox 1032 890 1124 981; x_wconf 17' lang='lat' dir='ltr'>⁸(obs.</span> <span class='ocrx_word' id='word_1_38' title='bbox 1161 890 1263 956; x_wconf 90' lang='lat' dir='ltr'>Babr.</span> 
     </span>
     <span class='ocr_line' id='line_1_7' title="bbox 196 997 1266 1087; baseline -0.004 -21"><span class='ocrx_word' id='word_1_39' title='bbox 196 1023 272 1087; x_wconf 89' lang='lat' dir='ltr'>pag.</span> <span class='ocrx_word' id='word_1_40' title='bbox 301 1001 444 1083; x_wconf 79' lang='lat'>17—22)</span> <span class='ocrx_word' id='word_1_41' title='bbox 479 1007 556 1066; x_wconf 93' lang='lat' dir='ltr'>tum</span> <span class='ocrx_word' id='word_1_42' title='bbox 592 997 877 1082; x_wconf 78' lang='lat' dir='ltr'>Zachariaeus¹⁰⁸)</span> <span class='ocrx_word' id='word_1_43' title='bbox 914 1019 1051 1063; x_wconf 89' lang='lat' dir='ltr'>summa</span> <span class='ocrx_word' id='word_1_44' title='bbox 1087 997 1266 1082; x_wconf 78' lang='lat' dir='ltr'>diligentia</span> 
     </span>
     <span class='ocr_line' id='line_1_8' title="bbox 198 1105 1266 1192; baseline -0.004 -19"><span class='ocrx_word' id='word_1_45' title='bbox 198 1128 394 1173; x_wconf 90' lang='lat' dir='ltr'>sermonem</span> <span class='ocrx_word' id='word_1_46' title='bbox 426 1106 648 1172; x_wconf 75' lang='lat' dir='ltr'>,Bebrianunr</span> <span class='ocrx_word' id='word_1_47' title='bbox 686 1106 891 1192; x_wconf 86' lang='lat' dir='ltr'>perscrutati</span> <span class='ocrx_word' id='word_1_48' title='bbox 936 1106 1054 1169; x_wconf 88' lang='lat' dir='ltr'>omnia</span> <span class='ocrx_word' id='word_1_49' title='bbox 1094 1105 1266 1170; x_wconf 88' lang='lat' dir='ltr'>eiusmodi</span> 
     </span>
     <span class='ocr_line' id='line_1_9' title="bbox 198 1210 1266 1300; baseline -0.002 -22"><span class='ocrx_word' id='word_1_50' title='bbox 198 1215 356 1300; x_wconf 88' lang='lat' dir='ltr'>exempla</span> <span class='ocrx_word' id='word_1_51' title='bbox 381 1213 612 1279; x_wconf 88' lang='lat' dir='ltr'>contulerunt.</span> <span class='ocrx_word' id='word_1_52' title='bbox 661 1211 757 1294; x_wconf 81' lang='lat' dir='ltr'>Quae</span> <span class='ocrx_word' id='word_1_53' title='bbox 775 1212 803 1277; x_wconf 89' lang='lat' dir='ltr'>si</span> <span class='ocrx_word' id='word_1_54' title='bbox 819 1213 1034 1297; x_wconf 84' lang='lat' dir='ltr'>percurreris,</span> <span class='ocrx_word' id='word_1_55' title='bbox 1059 1210 1266 1294; x_wconf 70' lang='lat' dir='ltr'>nenotdpocg</span> 
     </span>
     <span class='ocr_line' id='line_1_10' title="bbox 196 1318 1264 1404; baseline -0.002 -18"><span class='ocrx_word' id='word_1_56' title='bbox 196 1321 407 1386; x_wconf 85' lang='lat' dir='ltr'>vocabulum</span> <span class='ocrx_word' id='word_1_57' title='bbox 431 1321 468 1384; x_wconf 95' lang='lat' dir='ltr'>in</span> <span class='ocrx_word' id='word_1_58' title='bbox 494 1341 615 1385; x_wconf 91' lang='lat' dir='ltr'>eorum</span> <span class='ocrx_word' id='word_1_59' title='bbox 638 1339 784 1384; x_wconf 91' lang='lat' dir='ltr'>numero</span> <span class='ocrx_word' id='word_1_60' title='bbox 809 1339 910 1404; x_wconf 90' lang='lat' dir='ltr'>posse</span> <span class='ocrx_word' id='word_1_61' title='bbox 934 1318 1055 1383; x_wconf 90' lang='lat' dir='ltr'>haberi</span> <span class='ocrx_word' id='word_1_62' title='bbox 1085 1318 1264 1397; x_wconf 83' lang='lat' dir='ltr'>concedes,</span> 
     </span>
     <span class='ocr_line' id='line_1_11' title="bbox 196 1424 1266 1515; baseline -0.002 -23"><span class='ocrx_word' id='word_1_63' title='bbox 196 1428 399 1515; x_wconf 88' lang='lat' dir='ltr'>praesertim</span> <span class='ocrx_word' id='word_1_64' title='bbox 434 1449 514 1492; x_wconf 91' lang='lat' dir='ltr'>cum</span> <span class='ocrx_word' id='word_1_65' title='bbox 550 1448 662 1491; x_wconf 92' lang='lat' dir='ltr'>unum</span> <span class='ocrx_word' id='word_1_66' title='bbox 698 1427 741 1490; x_wconf 89' lang='lat' dir='ltr'>sit</span> <span class='ocrx_word' id='word_1_67' title='bbox 776 1448 793 1490; x_wconf 89' lang='lat' dir='ltr'>e</span> <span class='ocrx_word' id='word_1_68' title='bbox 821 1424 1006 1491; x_wconf 83' lang='lat' dir='ltr'>verborum</span> <span class='ocrx_word' id='word_1_69' title='bbox 1041 1424 1266 1491; x_wconf 89' lang='lat' dir='ltr'>multitudine</span> 
     </span>
     <span class='ocr_line' id='line_1_12' title="bbox 197 1531 1265 1618; baseline -0.004 -18"><span class='ocrx_word' id='word_1_70' title='bbox 197 1535 294 1600; x_wconf 88' lang='lat' dir='ltr'>haud</span> <span class='ocrx_word' id='word_1_71' title='bbox 318 1536 452 1618; x_wconf 80' lang='lat' dir='ltr'>exigua,</span> <span class='ocrx_word' id='word_1_72' title='bbox 488 1535 526 1598; x_wconf 88' lang='lat' dir='ltr'>in</span> <span class='ocrx_word' id='word_1_73' title='bbox 551 1533 679 1617; x_wconf 87' lang='lat' dir='ltr'>quibus</span> <span class='ocrx_word' id='word_1_74' title='bbox 702 1532 870 1597; x_wconf 87' lang='lat' dir='ltr'>Babrium</span> <span class='ocrx_word' id='word_1_75' title='bbox 893 1533 1096 1618; x_wconf 89' lang='lat' dir='ltr'>interpretes</span> <span class='ocrx_word' id='word_1_76' title='bbox 1119 1531 1265 1597; x_wconf 83' lang='lat' dir='ltr'>Alexan-</span> 
     </span>
     <span class='ocr_line' id='line_1_13' title="bbox 199 1638 1266 1725; baseline -0.002 -20"><span class='ocrx_word' id='word_1_77' title='bbox 199 1641 289 1706; x_wconf 88' lang='lat' dir='ltr'>drini</span> <span class='ocrx_word' id='word_1_78' title='bbox 334 1643 458 1707; x_wconf 81' lang='lat' dir='ltr'>veteris</span> <span class='ocrx_word' id='word_1_79' title='bbox 501 1640 703 1705; x_wconf 89' lang='lat' dir='ltr'>testamenti</span> <span class='ocrx_word' id='word_1_80' title='bbox 726 1641 971 1725; x_wconf 88' lang='lat' dir='ltr'>(septuaginta)</span> <span class='ocrx_word' id='word_1_81' title='bbox 1006 1639 1163 1724; x_wconf 82' lang='lat' dir='ltr'>illosque,</span> <span class='ocrx_word' id='word_1_82' title='bbox 1206 1638 1266 1724; x_wconf 92' lang='lat' dir='ltr'>qui</span> 
     </span>
     <span class='ocr_line' id='line_1_14' title="bbox 198 1747 1266 1832; baseline -0.001 -21"><span class='ocrx_word' id='word_1_83' title='bbox 198 1769 332 1813; x_wconf 87' lang='lat' dir='ltr'>novum</span> <span class='ocrx_word' id='word_1_84' title='bbox 355 1754 606 1813; x_wconf 89' lang='lat' dir='ltr'>testamentum</span> <span class='ocrx_word' id='word_1_85' title='bbox 630 1747 840 1832; x_wconf 88' lang='lat' dir='ltr'>seripserunt</span> <span class='ocrx_word' id='word_1_86' title='bbox 862 1748 952 1811; x_wconf 90' lang='lat' dir='ltr'>inter</span> <span class='ocrx_word' id='word_1_87' title='bbox 976 1768 1049 1811; x_wconf 90' lang='lat' dir='ltr'>sese</span> <span class='ocrx_word' id='word_1_88' title='bbox 1086 1747 1266 1811; x_wconf 82' lang='lat' dir='ltr'>concinere</span> 
     </span>
     <span class='ocr_line' id='line_1_15' title="bbox 200 1852 1265 1939; baseline -0.002 -21"><span class='ocrx_word' id='word_1_89' title='bbox 200 1853 431 1919; x_wconf 80' lang='lat' dir='ltr'>Schneiderus</span> <span class='ocrx_word' id='word_1_90' title='bbox 443 1855 576 1939; x_wconf 90' lang='lat' dir='ltr'>primus</span> <span class='ocrx_word' id='word_1_91' title='bbox 592 1855 740 1934; x_wconf 84' lang='lat' dir='ltr'>monuit,</span> <span class='ocrx_word' id='word_1_92' title='bbox 764 1860 885 1939; x_wconf 91' lang='lat' dir='ltr'>postea</span> <span class='ocrx_word' id='word_1_93' title='bbox 901 1852 1129 1918; x_wconf 87' lang='lat' dir='ltr'>Zachariaeus</span> <span class='ocrx_word' id='word_1_94' title='bbox 1146 1852 1265 1918; x_wconf 89' lang='lat' dir='ltr'>disser-</span> 
     </span>
     <span class='ocr_line' id='line_1_16' title="bbox 198 1958 1267 2046; baseline -0.003 -20"><span class='ocrx_word' id='word_1_95' title='bbox 198 1960 329 2026; x_wconf 77' lang='lat' dir='ltr'>tatione</span> <span class='ocrx_word' id='word_1_96' title='bbox 370 1960 412 2025; x_wconf 94' lang='lat' dir='ltr'>de</span> <span class='ocrx_word' id='word_1_97' title='bbox 451 1960 569 2025; x_wconf 88' lang='lat' dir='ltr'>Babrii</span> <span class='ocrx_word' id='word_1_98' title='bbox 608 1981 765 2025; x_wconf 86' lang='lat' dir='ltr'>sermone</span> <span class='ocrx_word' id='word_1_99' title='bbox 810 1961 1003 2046; x_wconf 86' lang='lat' dir='ltr'>conscripta</span> <span class='ocrx_word' id='word_1_100' title='bbox 1049 1958 1267 2024; x_wconf 79' lang='lat' dir='ltr'>confirmavit</span> 
     </span>
     <span class='ocr_line' id='line_1_17' title="bbox 200 2064 1266 2154; baseline -0.004 -21"><span class='ocrx_word' id='word_1_101' title='bbox 200 2072 289 2154; x_wconf 86' lang='lat' dir='ltr'>(pag.</span> <span class='ocrx_word' id='word_1_102' title='bbox 315 2069 381 2151; x_wconf 82' lang='lat'>24).</span> <span class='ocrx_word' id='word_1_103' title='bbox 429 2067 552 2152; x_wconf 88' lang='lat' dir='ltr'>Itaque</span> <span class='ocrx_word' id='word_1_104' title='bbox 587 2066 795 2150; x_wconf 72' lang='grc' dir='ltr'><em>πεποίθησις</em></span> <span class='ocrx_word' id='word_1_105' title='bbox 828 2067 1040 2132; x_wconf 87' lang='lat' dir='ltr'>vocabulum</span> <span class='ocrx_word' id='word_1_106' title='bbox 1075 2066 1170 2152; x_wconf 92' lang='lat' dir='ltr'>apud</span> <span class='ocrx_word' id='word_1_107' title='bbox 1204 2064 1266 2130; x_wconf 88' lang='lat' dir='ltr'>Ba-</span> 
     </span>
     <span class='ocr_line' id='line_1_18' title="bbox 199 2172 1267 2260; baseline -0.003 -21"><span class='ocrx_word' id='word_1_108' title='bbox 199 2175 314 2240; x_wconf 89' lang='lat' dir='ltr'>brium</span> <span class='ocrx_word' id='word_1_109' title='bbox 337 2177 395 2240; x_wconf 80' lang='lat' dir='ltr'>vix</span> <span class='ocrx_word' id='word_1_110' title='bbox 418 2174 525 2240; x_wconf 89' lang='lat' dir='ltr'>habet</span> <span class='ocrx_word' id='word_1_111' title='bbox 549 2174 743 2260; x_wconf 86' lang='lat' dir='ltr'>quidquam</span> <span class='ocrx_word' id='word_1_112' title='bbox 768 2172 981 2241; x_wconf 76' lang='lat' dir='ltr'>offensionis.</span> <span class='ocrx_word' id='word_1_113' title='bbox 1028 2174 1138 2240; x_wconf 89' lang='lat' dir='ltr'>Multo</span> <span class='ocrx_word' id='word_1_114' title='bbox 1163 2173 1267 2238; x_wconf 86' lang='lat' dir='ltr'>etiarn</span> 
     </span>
     <span class='ocr_line' id='line_1_19' title="bbox 199 2279 1267 2371; baseline 0 -27"><span class='ocrx_word' id='word_1_115' title='bbox 199 2282 317 2346; x_wconf 90' lang='lat' dir='ltr'>minus</span> <span class='ocrx_word' id='word_1_116' title='bbox 342 2288 542 2367; x_wconf 88' lang='lat' dir='ltr'>suspectum</span> <span class='ocrx_word' id='word_1_117' title='bbox 567 2280 607 2346; x_wconf 86' lang='lat' dir='ltr'>l&#39;t</span> <span class='ocrx_word' id='word_1_118' title='bbox 631 2280 826 2362; x_wconf 77' lang='grc' dir='ltr'><em>ἀπελπίζειν</em></span> <span class='ocrx_word' id='word_1_119' title='bbox 861 2283 1114 2371; x_wconf 83' lang='lat' dir='ltr'>significatione</span> <span class='ocrx_word' id='word_1_120' title='bbox 1150 2279 1267 2366; x_wconf 89' lang='lat' dir='ltr'>despe-</span> 
     </span>
     <span class='ocr_line' id='line_1_20' title="bbox 199 2387 1268 2475; baseline -0.002 -23"><span class='ocrx_word' id='word_1_121' title='bbox 199 2387 299 2453; x_wconf 90' lang='lat' dir='ltr'>randi</span> <span class='ocrx_word' id='word_1_122' title='bbox 335 2396 552 2473; x_wconf 79' lang='lat' dir='ltr'>usurpatum,</span> <span class='ocrx_word' id='word_1_123' title='bbox 589 2387 685 2472; x_wconf 91' lang='lat' dir='ltr'>quod</span> <span class='ocrx_word' id='word_1_124' title='bbox 719 2388 865 2453; x_wconf 82' lang='lat' dir='ltr'>verbum</span> <span class='ocrx_word' id='word_1_125' title='bbox 900 2392 1061 2475; x_wconf 91' lang='lat' dir='ltr'>ignotum</span> <span class='ocrx_word' id='word_1_126' title='bbox 1095 2387 1268 2454; x_wconf 85' lang='lat' dir='ltr'>veteribus</span> 
     </span>
     <span class='ocr_line' id='line_1_21' title="bbox 200 2493 1269 2581; baseline 0 -23"><span class='ocrx_word' id='word_1_127' title='bbox 200 2493 424 2579; x_wconf 77' lang='lat' dir='ltr'>frequentant</span> <span class='ocrx_word' id='word_1_128' title='bbox 440 2495 646 2559; x_wconf 86' lang='lat' dir='ltr'>recentiores</span> <span class='ocrx_word' id='word_1_129' title='bbox 670 2500 710 2559; x_wconf 88' lang='lat' dir='ltr'>ut</span> <span class='ocrx_word' id='word_1_130' title='bbox 722 2494 888 2581; x_wconf 79' lang='lat' dir='ltr'>Polybius</span> <span class='ocrx_word' id='word_1_131' title='bbox 906 2501 1001 2579; x_wconf 88' lang='lat' dir='ltr'>(curn</span> <span class='ocrx_word' id='word_1_132' title='bbox 1017 2496 1169 2580; x_wconf 87' lang='lat' dir='ltr'>genitivo</span> <span class='ocrx_word' id='word_1_133' title='bbox 1186 2514 1269 2559; x_wconf 87' lang='lat' dir='ltr'>casu</span> 
     </span>
     <span class='ocr_line' id='line_1_22' title="bbox 201 2600 1269 2690; baseline -0.002 -24"><span class='ocrx_word' id='word_1_134' title='bbox 201 2608 240 2667; x_wconf 91' lang='lat' dir='ltr'>ut</span> <span class='ocrx_word' id='word_1_135' title='bbox 263 2601 296 2666; x_wconf 93' lang='lat' dir='ltr'>h.</span> <span class='ocrx_word' id='word_1_136' title='bbox 321 2601 342 2666; x_wconf 89' lang='lat' dir='ltr'>l.</span> <span class='ocrx_word' id='word_1_137' title='bbox 360 2601 385 2680; x_wconf 77' lang='grc' dir='ltr'>Ι,</span> <span class='ocrx_word' id='word_1_138' title='bbox 411 2602 463 2680; x_wconf 79' lang='grc'>55,</span> <span class='ocrx_word' id='word_1_139' title='bbox 478 2602 522 2685; x_wconf 80' lang='grc'>2),</span> <span class='ocrx_word' id='word_1_140' title='bbox 546 2600 731 2681; x_wconf 78' lang='lat' dir='ltr'>Diodorus,</span> <span class='ocrx_word' id='word_1_141' title='bbox 758 2625 837 2667; x_wconf 87' lang='lat' dir='ltr'>curn</span> <span class='ocrx_word' id='word_1_142' title='bbox 863 2605 992 2690; x_wconf 89' lang='lat' dir='ltr'>quibus</span> <span class='ocrx_word' id='word_1_143' title='bbox 1008 2603 1135 2669; x_wconf 84' lang='lat' dir='ltr'>Bebrio</span> <span class='ocrx_word' id='word_1_144' title='bbox 1158 2600 1269 2666; x_wconf 88' lang='lat' dir='ltr'>multa</span> 
     </span>
     <span class='ocr_line' id='line_1_23' title="bbox 201 2707 1267 2795; baseline -0.001 -22"><span class='ocrx_word' id='word_1_145' title='bbox 201 2710 401 2774; x_wconf 88' lang='lat' dir='ltr'>communia</span> <span class='ocrx_word' id='word_1_146' title='bbox 437 2730 510 2773; x_wconf 90' lang='lat' dir='ltr'>esse</span> <span class='ocrx_word' id='word_1_147' title='bbox 545 2707 639 2772; x_wconf 92' lang='lat' dir='ltr'>idem</span> <span class='ocrx_word' id='word_1_148' title='bbox 674 2710 902 2776; x_wconf 86' lang='lat' dir='ltr'>Zachariaeus</span> <span class='ocrx_word' id='word_1_149' title='bbox 945 2712 1064 2777; x_wconf 87' lang='lat' dir='ltr'>docuit</span> <span class='ocrx_word' id='word_1_150' title='bbox 1099 2712 1188 2795; x_wconf 88' lang='lat' dir='ltr'>(pag.</span> <span class='ocrx_word' id='word_1_151' title='bbox 1225 2708 1267 2792; x_wconf 88' lang='lat'>8).</span> 
     </span>
     <span class='ocr_line' id='line_1_24' title="bbox 201 2813 1269 2897; baseline 0 -18"><span class='ocrx_word' id='word_1_152' title='bbox 201 2813 408 2881; x_wconf 80' lang='lat' dir='ltr'>Delenditur</span> <span class='ocrx_word' id='word_1_153' title='bbox 447 2815 572 2880; x_wconf 90' lang='lat' dir='ltr'>deinde</span> <span class='ocrx_word' id='word_1_154' title='bbox 614 2815 810 2897; x_wconf 77' lang='grc' dir='ltr'><em>ἀπελπίζειν</em></span> <span class='ocrx_word' id='word_1_155' title='bbox 844 2818 940 2884; x_wconf 86' lang='lat' dir='ltr'>verbi</span> <span class='ocrx_word' id='word_1_156' title='bbox 978 2839 1064 2883; x_wconf 87' lang='lat' dir='ltr'>usus</span> <span class='ocrx_word' id='word_1_157' title='bbox 1099 2815 1269 2883; x_wconf 87' lang='lat' dir='ltr'>vocabulo</span> 
     </span>
     <span class='ocr_line' id='line_1_25' title="bbox 202 2913 1270 3010; baseline 0.003 -25"><span class='ocrx_word' id='word_1_158' title='bbox 202 2921 392 3002; x_wconf 79' lang='grc' dir='ltr'><em>ε’πελπίζειν</em></span> <span class='ocrx_word' id='word_1_159' title='bbox 428 2923 465 2986; x_wconf 94' lang='lat' dir='ltr'>in</span> <span class='ocrx_word' id='word_1_160' title='bbox 488 2920 556 2986; x_wconf 81' lang='lat' dir='ltr'>fab.</span> <span class='ocrx_word' id='word_1_161' title='bbox 584 2922 613 3000; x_wconf 80' lang='lat'>1,</span> <span class='ocrx_word' id='word_1_162' title='bbox 628 2924 656 2986; x_wconf 80' lang='lat'>7.</span> <span class='ocrx_word' id='word_1_163' title='bbox 695 2913 776 2986; x_wconf 88' lang='lat' dir='ltr'>curn</span> <span class='ocrx_word' id='word_1_164' title='bbox 812 2922 927 2989; x_wconf 87' lang='lat' dir='ltr'>dativo</span> <span class='ocrx_word' id='word_1_165' title='bbox 963 2931 1132 3010; x_wconf 87' lang='lat' dir='ltr'>usurpato</span> <span class='ocrx_word' id='word_1_166' title='bbox 1168 2922 1270 3007; x_wconf 89' lang='lat' dir='ltr'>signi-</span> 
     </span>
     <span class='ocr_line' id='line_1_26' title="bbox 202 3025 1270 3114; baseline 0.005 -24"><span class='ocrx_word' id='word_1_167' title='bbox 202 3025 364 3091; x_wconf 81' lang='lat' dir='ltr'>ficatione</span> <span class='ocrx_word' id='word_1_168' title='bbox 400 3027 556 3092; x_wconf 89' lang='lat' dir='ltr'>adhibita</span> <span class='ocrx_word' id='word_1_169' title='bbox 592 3026 724 3092; x_wconf 79' lang='lat' dir='ltr'>‘hellen</span> <span class='ocrx_word' id='word_1_170' title='bbox 759 3026 839 3107; x_wconf 76' lang='lat' dir='ltr'>aul&#39;,</span> <span class='ocrx_word' id='word_1_171' title='bbox 877 3031 973 3114; x_wconf 90' lang='lat' dir='ltr'>quod</span> <span class='ocrx_word' id='word_1_172' title='bbox 1006 3030 1100 3095; x_wconf 89' lang='lat' dir='ltr'>idem</span> <span class='ocrx_word' id='word_1_173' title='bbox 1136 3031 1270 3095; x_wconf 87' lang='lat' dir='ltr'>serioris</span> 
     </span>
     <span class='ocr_line' id='line_1_27' title="bbox 206 3132 1270 3221; baseline 0.004 -24"><span class='ocrx_word' id='word_1_174' title='bbox 206 3133 349 3199; x_wconf 90' lang='lat' dir='ltr'>demum</span> <span class='ocrx_word' id='word_1_175' title='bbox 374 3132 577 3199; x_wconf 85' lang='lat' dir='ltr'>Graecitatis</span> <span class='ocrx_word' id='word_1_176' title='bbox 602 3136 825 3221; x_wconf 86' lang='lat' dir='ltr'>scriptoribus</span> <span class='ocrx_word' id='word_1_177' title='bbox 860 3138 1029 3202; x_wconf 87' lang='lat' dir='ltr'>usitatum</span> <span class='ocrx_word' id='word_1_178' title='bbox 1056 3144 1124 3203; x_wconf 87' lang='lat' dir='ltr'>est.</span> <span class='ocrx_word' id='word_1_179' title='bbox 1173 3135 1270 3218; x_wconf 81' lang='lat' dir='ltr'>Quae</span> 
     </span>
     <span class='ocr_line' id='line_1_28' title="bbox 203 3241 1270 3329; baseline 0.003 -24"><span class='ocrx_word' id='word_1_180' title='bbox 203 3262 283 3305; x_wconf 91' lang='lat' dir='ltr'>cum</span> <span class='ocrx_word' id='word_1_181' title='bbox 306 3241 355 3306; x_wconf 91' lang='lat' dir='ltr'>ita</span> <span class='ocrx_word' id='word_1_182' title='bbox 380 3241 458 3318; x_wconf 83' lang='lat' dir='ltr'>sint,</span> <span class='ocrx_word' id='word_1_183' title='bbox 483 3263 602 3306; x_wconf 82' lang='lat' dir='ltr'>versus</span> <span class='ocrx_word' id='word_1_184' title='bbox 627 3242 757 3306; x_wconf 80' lang='grc'><strong>16-19</strong></span> <span class='ocrx_word' id='word_1_185' title='bbox 782 3266 895 3328; x_wconf 90' lang='lat' dir='ltr'>nequo</span> <span class='ocrx_word' id='word_1_186' title='bbox 920 3251 1039 3323; x_wconf 77' lang='lat' dir='ltr'>metm,</span> <span class='ocrx_word' id='word_1_187' title='bbox 1064 3265 1180 3329; x_wconf 91' lang='lat' dir='ltr'>neque</span> <span class='ocrx_word' id='word_1_188' title='bbox 1205 3265 1270 3308; x_wconf 90' lang='lat' dir='ltr'>ser-</span> 
     </span>
     <span class='ocr_line' id='line_1_29' title="bbox 202 3348 1270 3434; baseline 0.002 -22"><span class='ocrx_word' id='word_1_189' title='bbox 202 3369 316 3426; x_wconf 80' lang='lat' dir='ltr'>mone,</span> <span class='ocrx_word' id='word_1_190' title='bbox 341 3370 456 3433; x_wconf 90' lang='lat' dir='ltr'>neque</span> <span class='ocrx_word' id='word_1_191' title='bbox 481 3371 586 3413; x_wconf 89' lang='lat' dir='ltr'>sensu</span> <span class='ocrx_word' id='word_1_192' title='bbox 610 3348 773 3414; x_wconf 85' lang='lat' dir='ltr'>aBabrio</span> <span class='ocrx_word' id='word_1_193' title='bbox 798 3349 901 3415; x_wconf 89' lang='lat' dir='ltr'>alieni</span> <span class='ocrx_word' id='word_1_194' title='bbox 923 3349 1154 3434; x_wconf 55' lang='lat' dir='ltr'>videntur-,Q</span> <span class='ocrx_word' id='word_1_195' title='bbox 1195 3350 1270 3416; x_wconf 91' lang='lat' dir='ltr'>Iam</span> 
     </span>
     <span class='ocr_line' id='line_1_30' title="bbox 203 3454 1270 3543; baseline 0.002 -24"><span class='ocrx_word' id='word_1_196' title='bbox 203 3454 299 3519; x_wconf 88' lang='lat' dir='ltr'>aliud</span> <span class='ocrx_word' id='word_1_197' title='bbox 323 3455 464 3535; x_wconf 87' lang='lat' dir='ltr'>accedit,</span> <span class='ocrx_word' id='word_1_198' title='bbox 501 3477 571 3540; x_wconf 92' lang='lat' dir='ltr'>quo</span> <span class='ocrx_word' id='word_1_199' title='bbox 595 3455 713 3520; x_wconf 89' lang='lat' dir='ltr'>Babrii</span> <span class='ocrx_word' id='word_1_200' title='bbox 737 3478 809 3521; x_wconf 91' lang='lat' dir='ltr'>esse</span> <span class='ocrx_word' id='word_1_201' title='bbox 833 3457 900 3521; x_wconf 88' lang='lat' dir='ltr'>lroc</span> <span class='ocrx_word' id='word_1_202' title='bbox 924 3458 1156 3543; x_wconf 88' lang='lat' dir='ltr'>cpimythium</span> <span class='ocrx_word' id='word_1_203' title='bbox 1192 3478 1270 3521; x_wconf 93' lang='lat' dir='ltr'>con-</span> 
     </span>
     <span class='ocr_line' id='line_1_31' title="bbox 203 3560 1272 3629; baseline 0.002 -4"><span class='ocrx_word' id='word_1_204' title='bbox 203 3560 370 3625; x_wconf 80' lang='lat' dir='ltr'>firmatur.</span> <span class='ocrx_word' id='word_1_205' title='bbox 417 3561 592 3627; x_wconf 89' lang='lat' dir='ltr'>Habuisse</span> <span class='ocrx_word' id='word_1_206' title='bbox 617 3563 710 3626; x_wconf 85' lang='lat' dir='ltr'>enirn</span> <span class='ocrx_word' id='word_1_207' title='bbox 727 3572 807 3628; x_wconf 84' lang='lat' dir='ltr'>ante</span> <span class='ocrx_word' id='word_1_208' title='bbox 824 3563 943 3629; x_wconf 86' lang='lat' dir='ltr'>oculos</span> <span class='ocrx_word' id='word_1_209' title='bbox 959 3563 1055 3629; x_wconf 85' lang='lat' dir='ltr'>vides</span> <span class='ocrx_word' id='word_1_210' title='bbox 1071 3564 1136 3628; x_wconf 91' lang='lat' dir='ltr'>hos</span> <span class='ocrx_word' id='word_1_211' title='bbox 1152 3584 1272 3628; x_wconf 83' lang='lat' dir='ltr'>versus</span> 
     </span>
    </p>
   </div>
   <div class='ocr_carea' id='block_1_3' title="bbox 204 3754 1273 4180">
    <p class='ocr_par' dir='ltr' id='par_1_3' title="bbox 204 3754 1271 3900">
     <span class='ocr_line' id='line_1_32' title="bbox 310 3754 1271 3826; baseline 0.003 -18"><span class='ocrx_word' id='word_1_212' title='bbox 310 3754 356 3823; x_wconf 69' lang='grc'>108)</span> <span class='ocrx_word' id='word_1_213' title='bbox 376 3756 444 3809; x_wconf 80' lang='lat' dir='ltr'>vide</span> <span class='ocrx_word' id='word_1_214' title='bbox 464 3757 682 3811; x_wconf 87' lang='lat' dir='ltr'>dissertationis</span> <span class='ocrx_word' id='word_1_215' title='bbox 701 3760 820 3826; x_wconf 84' lang='lat' dir='ltr'>saepius</span> <span class='ocrx_word' id='word_1_216' title='bbox 840 3761 899 3811; x_wconf 86' lang='lat' dir='ltr'>iarn</span> <span class='ocrx_word' id='word_1_217' title='bbox 919 3760 1056 3813; x_wconf 90' lang='lat' dir='ltr'>laudatae</span> <span class='ocrx_word' id='word_1_218' title='bbox 1076 3766 1190 3826; x_wconf 89' lang='lat' dir='ltr'>partem</span> <span class='ocrx_word' id='word_1_219' title='bbox 1201 3760 1271 3812; x_wconf 87' lang='lat' dir='ltr'>alte·</span> 
     </span>
     <span class='ocr_line' id='line_1_33' title="bbox 204 3847 460 3900; baseline 0.012 -4"><span class='ocrx_word' id='word_1_220' title='bbox 204 3862 267 3897; x_wconf 88' lang='lat' dir='ltr'>ram</span> <span class='ocrx_word' id='word_1_221' title='bbox 286 3851 316 3898; x_wconf 86' lang='lat' dir='ltr'>et</span> <span class='ocrx_word' id='word_1_222' title='bbox 334 3847 460 3900; x_wconf 85' lang='lat' dir='ltr'>tertiam.</span> 
     </span>
    </p>

    <p class='ocr_par' dir='ltr' id='par_1_4' title="bbox 204 3926 1273 4180">
     <span class='ocr_line' id='line_1_34' title="bbox 311 3926 1272 4005; baseline 0.003 -18"><span class='ocrx_word' id='word_1_223' title='bbox 311 3932 357 4000; x_wconf 77' lang='grc'>109)</span> <span class='ocrx_word' id='word_1_224' title='bbox 378 3936 676 3989; x_wconf 80' lang='lat' dir='ltr'>animadvertendum</span> <span class='ocrx_word' id='word_1_225' title='bbox 696 3926 820 3989; x_wconf 82' lang='lat' dir='ltr'>estnon</span> <span class='ocrx_word' id='word_1_226' title='bbox 846 3940 943 3990; x_wconf 89' lang='lat' dir='ltr'>solum</span> <span class='ocrx_word' id='word_1_227' title='bbox 972 3939 1176 4005; x_wconf 86' lang='lat' dir='ltr'>paraphrasim</span> <span class='ocrx_word' id='word_1_228' title='bbox 1194 3937 1272 3990; x_wconf 90' lang='lat' dir='ltr'>Bod-</span> 
     </span>
     <span class='ocr_line' id='line_1_35' title="bbox 204 4024 1273 4094; baseline 0.003 -18"><span class='ocrx_word' id='word_1_229' title='bbox 204 4024 334 4076; x_wconf 86' lang='lat' dir='ltr'>leianam</span> <span class='ocrx_word' id='word_1_230' title='bbox 353 4026 492 4078; x_wconf 85' lang='lat' dir='ltr'>exhibere</span> <span class='ocrx_word' id='word_1_231' title='bbox 511 4026 567 4078; x_wconf 91' lang='lat' dir='ltr'>hoc</span> <span class='ocrx_word' id='word_1_232' title='bbox 587 4027 784 4093; x_wconf 88' lang='lat' dir='ltr'>epimythium</span> <span class='ocrx_word' id='word_1_233' title='bbox 804 4025 856 4077; x_wconf 88' lang='lat' dir='ltr'>sed</span> <span class='ocrx_word' id='word_1_234' title='bbox 870 4028 960 4079; x_wconf 85' lang='lat' dir='ltr'>etiam</span> <span class='ocrx_word' id='word_1_235' title='bbox 971 4029 1060 4079; x_wconf 89' lang='lat' dir='ltr'>aliam</span> <span class='ocrx_word' id='word_1_236' title='bbox 1069 4027 1273 4094; x_wconf 87' lang='lat' dir='ltr'>paraphrasim</span> 
     </span>
     <span class='ocr_line' id='line_1_36' title="bbox 205 4113 641 4180; baseline 0.007 -15"><span class='ocrx_word' id='word_1_237' title='bbox 205 4113 284 4180; x_wconf 86' lang='lat' dir='ltr'>apud</span> <span class='ocrx_word' id='word_1_238' title='bbox 304 4114 476 4166; x_wconf 63' lang='lat' dir='ltr'>Coralisium</span> <span class='ocrx_word' id='word_1_239' title='bbox 495 4131 560 4180; x_wconf 86' lang='lat' dir='ltr'>pag.</span> <span class='ocrx_word' id='word_1_240' title='bbox 582 4114 641 4168; x_wconf 83' lang='lat'>113.</span> 
     </span>
    </p>
   </div>
   <div class='ocr_carea' id='block_1_4' title="bbox 0 0 1478 4786">
    <p class='ocr_par' dir='ltr' id='par_1_5' title="bbox 0 0 1478 4786">
     <span class='ocr_line' id='line_1_37' title="bbox 0 0 1478 4786; baseline 0 0"><span class='ocrx_word' id='word_1_241' title='bbox 0 0 1478 4786; x_wconf 95' lang='lat' dir='ltr'> </span> 
     </span>
    </p>
   </div>
  </div>
 </body>
</html>
