2924 4786
672 347 715 352 --
743 308 804 369 ne
828 347 871 353 -
904 371 919 385 s

240 485 448 550 liudovico
489 486 602 570 deep,
647 485 796 549 (lttone
838 485 1060 550 Rossbach.
1127 484 1306 551 Praeterea

240 614 293 656 ure
317 591 467 676 benigne
492 591 707 656 admiserunt
727 591 791 656 riri
815 590 1005 656 doctissimi
1028 599 1062 656 et
1077 591 1306 657 liberalissimi

240 698 277 762 Ο.
314 698 543 763 Rossbach
582 706 615 762 et
654 697 693 761 A.
731 697 1061 782 Furtwaengler
1096 700 1306 764 exercitatio-

239 805 343 870 nibus
360 805 634 888 archaeologieis,
659 803 759 888 Aug.
778 803 1051 870 Brinkmann
1068 806 1306 891 epigraphicis,

241 910 339 975 tud.
373 911 508 976 Busse
543 911 801 997 philosophicis,
838 910 976 985 Herm.
1007 912 1244 996 Baumgart
1274 920 1309 977 et

240 1017 351 1082 Guil.
377 1017 460 1084 Uhl
483 1018 669 1083 theotiscis.
717 1018 840 1083 Latine
865 1025 899 1083 ot
923 1016 1052 1084 Graece
1076 1018 1250 1084 scribendi
1273 1028 1308 1083 et

239 1124 407 1208 loquendi
442 1125 726 1189 exercitationum
754 1125 957 1210 participem
994 1147 1066 1191 esse
1101 1126 1188 1190 mihi
1210 1125 1311 1190 licuit

240 1230 335 1316 apud
373 1230 473 1295 Lud.
510 1231 633 1316 Jeep,
679 1231 780 1314 Aug.
817 1230 1105 1311 Brinknrann,
1152 1233 1306 1297 Joann.

239 1336 457 1416 Tolkiehn,
483 1337 549 1402 Ed.
575 1335 803 1416 Woelfflin,
828 1338 884 1403 Jr.
911 1337 959 1403 de
983 1338 1160 1404 Mueller.

347 1443 489 1508 Scholas
540 1442 756 1529 frequentavi
808 1446 961 1510 virorum
1012 1445 1306 1510 doctissimorum:

243 1551 510 1633 ltegimonti:
547 1550 746 1634 Baumgart,
787 1551 1015 1631 Brinkmann,
1055 1551 1174 1629 Busae,
1210 1551 1307 1635 Jeep.

400 1656 578 1736 Ludwieh,
621 1657 811 1736 Rossbach,
858 1657 992 1723 Schade
1024 1660 1077 1741 (i),
1125 1656 1306 1722 Tolkiehn.

400 1763 479 1842 Uhl,
504 1763 643 1828 Walter.
849 1828 852 1833 ,

242 1870 442 1934 Monaclri:
491 1869 603 1934 Christ
639 1872 693 1956 tt),
740 1871 1006 1954 Furtwaenglcr,
1045 1895 1075 1936 r.
1112 1870 1143 1934 d.
1180 1870 1307 1955 Leyen.

400 1975 453 2040 Jx.
479 1975 522 2041 de
546 1976 698 2056 Mueller,
723 1977 931 2061 Weymann,
956 1975 1142 2042 Woelfflin.

242 2083 370 2167 quibus
379 2083 458 2147 viris
466 2083 630 2149 omnibus
638 2084 764 2167 gratias
778 2104 842 2167 ago
850 2085 1029 2163 maximas,
1038 2085 1207 2169 imprimis
1214 2103 1309 2170 prae-

242 2189 439 2275 captoribus
460 2191 643 2255 carissimis
666 2190 844 2255 Arthuro
865 2190 1073 2269 Ludwieh,
1098 2188 1310 2255 Ludovico

240 2296 358 2380 Jeep,
395 2297 537 2362 Ottoni
567 2297 793 2375 Rossbach,
831 2296 1016 2380 Augusto
1047 2295 1308 2361 Brinkmann.

243 2404 304 2486 qui
329 2424 463 2491 semper
485 2424 541 2466 me
567 2424 670 2487 opera
701 2409 734 2467 et
765 2402 908 2466 consilio
938 2404 1067 2490 optime
1092 2401 1308 2468 adiuverunt.

353 2509 505 2573 Examen
540 2529 602 2595 pro
638 2507 801 2574 facultate
838 2509 987 2574 docendi
1017 2532 1045 2575 a.
1073 2510 1103 2574 d.
1129 2508 1202 2574 VH.
1232 2507 1308 2573 Kal.

243 2616 340 2681 Febr.
367 2617 451 2681 anni
474 2615 621 2681 MCMIV
646 2616 795 2694 absolvi3
828 2638 870 2681 ex
894 2637 964 2700 quo
988 2624 1143 2702 tempore
1167 2636 1311 2680 munere

244 2721 371 2806 fungor
394 2725 625 2809 praeceptoris
649 2723 821 2810 gymnasii
843 2723 928 2806 regii
956 2722 1213 2800 Roesseliensis,
1250 2721 1309 2786 ubi

244 2829 380 2912 linguas
405 2830 511 2895 doceo
536 2832 720 2916 praecipue
745 2827 913 2894 Graecam
938 2837 971 2894 et
994 2830 1166 2894 Latinam.

351 2937 507 3002 Examen
542 2937 638 3021 quod
672 2941 798 3000 vocant
833 2936 1026 3016 rigorosurn
1061 2956 1089 2999 a.
1120 2934 1151 2999 d.
1189 2935 1228 2999 V.
1260 2933 1309 2997 ld.

243 3043 320 3107 lan.
346 3043 451 3107 huius
475 3043 559 3107 anni
583 3043 750 3126 superavi.

352 3149 480 3228 Restat,
498 3155 538 3213 ut
554 3155 650 3231 grato
669 3149 785 3214 animo
803 3169 1069 3213 commemorem
1087 3146 1312 3212 Antonium

247 3254 506 3321 Kruszewski
530 3261 564 3320 et
587 3254 758 3320 Paulum
783 3254 905 3319 llohn
929 3253 1075 3337 collegas
1105 3253 1311 3317 humanissi-

248 3384 331 3439 mos,
375 3362 436 3446 qui
476 3364 514 3426 in
557 3360 766 3445 corrigendis
812 3360 960 3445 plagulis
1003 3360 1095 3445 typis
1135 3359 1312 3444 descriptis

247 3490 374 3553 magno
398 3469 485 3534 mihi
507 3467 650 3533 fuorunt
674 3466 885 3532 adiumento.
