2924 4786
648 259 802 322 „g-

192 458 295 500 usum
333 457 408 501 3333
443 437 602 520 monuit).
650 436 692 499 In
717 458 867 520 quorum
891 459 1038 502 numero
1064 438 1257 522 epimythia

192 540 285 607 labb.
311 543 343 608 4.
371 543 421 607 11.
449 544 500 607 14.
527 545 578 607 18.
605 542 656 606 36.
682 543 735 606 44.
763 542 826 606 119
850 543 972 608 11310311
995 543 1114 608 voluit.

299 648 418 714 Habes
441 650 546 732 igitur
569 650 721 714 virorum
746 648 928 714 doctorum
952 650 995 715 de
1019 650 1136 716 Babrii
1159 649 1257 715 iabu-

192 755 304 819 larum
351 755 548 840 epimythiis
583 755 720 820 iudicia.
778 755 937 820 Dilucide
973 764 1090 822 autem
1130 778 1171 820 ex
1205 757 1258 833 iis,

195 883 284 946 quae
303 861 538 941 disseruimus,
563 883 727 947 apparere
751 869 837 948 puto
853 862 956 946 longe
972 863 1140 949 plurimos
1156 864 1258 927 inter-

194 967 361 1052 polatoris
395 968 451 1033 vel
486 968 722 1033 diasceuastae
757 967 879 1033 fraude
915 969 1105 1054 epimythia
1141 977 1258 1033 exorta

194 1095 267 1138 esse
292 1075 474 1140 censuisse.
522 1076 643 1160 Neque
677 1081 796 1140 tamen
831 1077 1064 1140 controversia
1094 1075 1181 1138 mihi
1211 1077 1258 1138 vi-

194 1179 295 1245 detur
311 1180 509 1262 diiudicata,
527 1183 643 1267 potius
660 1204 741 1246 cum
758 1202 850 1247 anno
869 1181 952 1246 1901
972 1204 992 1246 a
1008 1183 1088 1247 viris
1105 1181 1257 1246 doctissi-

193 1288 258 1352 mis
283 1285 469 1352 Grenfellio
495 1295 529 1353 et
543 1289 677 1353 Huntio
701 1289 739 1352 in
750 1287 908 1374 Aegypto
934 1288 1080 1354 schedae
1104 1296 1260 1374 repertae

195 1395 274 1472 sint,
300 1394 429 1478 quibus
463 1403 532 1460 tres
555 1395 673 1460 Babrii
696 1393 835 1460 tabulae
861 1396 1085 1460 continentur
1120 1395 1174 1477 (31.
1199 1396 1259 1460 1113

195 1501 356 1565 Amherst
380 1501 506 1587 Papyli
530 1495 581 1567 ed.
600 1499 753 1567 Grenlell
777 1500 848 1578 and
863 1502 973 1567 Hunt.
999 1502 1079 1567 Part
1102 1503 1143 1581 H,
1169 1503 1258 1566 Lon-

195 1609 267 1672 don
304 1608 388 1672 1901
414 1630 491 1693 pag.
517 1608 673 1693 2sssqq.)‚
709 1607 805 1672 illam
841 1607 884 1672 de
908 1608 1026 1674 Babrii
1060 1608 1260 1674 tabularum

194 1715 395 1800 epimythiis
419 1716 660 1798 quaestionem
696 1714 811 1779 denuo
846 1721 993 1781 tractare
1028 1737 1101 1780 non
1136 1717 1259 1781 inutile

194 1821 338 1886 videtur.
376 1820 528 1901 Accedit,
554 1821 649 1906 quod
673 1843 776 1886 nemo
794 1820 909 1887 adhuc
927 1823 1117 1908 epimythia
1141 1825 1261 1887 omnia

194 1929 340 1991 omnino
364 1934 598 2012 perscrutatus
623 1935 675 1993 est
709 1950 889 2013 unamque
925 1936 1064 1995 secutus
1100 1950 1258 1994 normam

195 2043 300 2119 atque
323 2034 436 2118 legem
459 2034 613 2099 iudicata
638 2034 782 2118 collegit.

302 2141 474 2206 Praebent
508 2142 614 2225 igitur
647 2141 795 2206 schedae
829 2141 908 2206 illae
945 2164 964 2206 a
1001 2138 1189 2206 (1131131110
1226 2149 1260 2205 31

194 2249 329 2312 Huntio
363 2255 517 2333 repertae
552 2246 689 2313 fabulas
726 2249 775 2311 11.
803 2247 853 2311 16.
882 2248 920 2310 11
958 2254 992 2312 31
1016 2246 1144 2311 Graece
1181 2268 1260 2310 con-

148 2426 151 2431 ,
195 2355 337 2441 scriptas
373 2360 407 2419 et
436 2354 560 2419 Latine
599 2353 759 2418 redditas.
819 2352 1060 2437 Epimythium
1095 2373 1175 2416 vero
1211 2351 1259 2416 fa-

194 2461 297 2526 bulae
324 2463 374 2540 11,
396 2460 436 2524 Δ1(1
460 2459 556 2544 quod
581 2459 690 2524 codex
712 2457 752 2523 A.
778 2459 919 2524 exhibet
954 2460 1015 2524 sic:

196 2569 236 2633 10
280 2569 345 2652 χρὴ
370 2571 483 2650 πρᾷον
507 2568 594 2632 εἶναι
616 2559 703 2650 μηδ’
721 2565 851 2649 ἄμετρα
874 2565 1078 2650 11113οῦ01101
1119 2588 1122 2593 ⁴

283 2674 373 2740 ἔστιν
397 2695 448 2756 τις
471 2674 573 2757 ὀργῆς
595 2675 737 2757 νέμεσις,
762 2674 805 2758 ἣν
830 2674 1075 2758 φυλαττοίμην,

285 2781 404 2863 αὐτοῖς
426 2780 559 2865 βλάβην
583 2784 736 2866 φέρουσα
761 2788 834 2862 τοῖς
858 2779 1078 2864 δυσοργήτως

196 2910 276 2952 eum
312 2894 392 2952 ante
428 2888 546 2952 oculos
581 2888 754 2965 habuisse,
795 2887 856 2970 qui
891 2886 1035 2950 schedas
1069 2884 1145 2948 illas
1181 2905 1259 2949 con-

196 2995 376 3078 scripserit,
412 2992 495 3057 inde
525 2994 753 3075 cognoscitur,
779 2991 876 3076 quod
899 2992 1130 3076 epimythium
1153 2990 1260 3056 modo

194 3099 377 3165 laudatum
420 3100 467 3165 sic
507 3100 544 3163 in
578 3099 744 3164 Latinum
787 3099 971 3164 convertit:
1009 3104 1144 3183 oportet
1179 3120 1260 3181 ergo

196 3228 336 3272 serenae
372 3207 481 3289 magis
517 3212 578 3271 aut
612 3207 741 3291 inequa
772 3206 871 3271 irasci
900 3212 952 3270 est
982 3205 1127 3291 quidam
1151 3207 1185 3289 (l)
1209 3206 1259 3269 ira

112 3371 117 3387 ,
196 3314 335 3392 ultricis
369 3335 474 3398 quem
505 3314 540 3397 (1)
565 3313 802 3378 custodiamus
836 3314 993 3398 ipsismet
1027 3314 1110 3398 ipsis
1134 3334 1260 3377 nocen-

195 3421 280 3486 tiam
304 3419 452 3485 ierentes
476 3421 511 3504 (1)
536 3419 793 3485 animosalibus.

284 3527 365 3591 dam
405 3525 552 3591 schedae
593 3526 672 3591 illae
715 3548 794 3591 cum
830 3523 1017 3590 Grenfellio
1057 3532 1090 3590 ct
1124 3525 1259 3589 Huntio

197 3632 397 3696 auctoribus
428 3632 555 3697 saeculi
580 3633 649 3698 sint
671 3633 729 3697 IH.
756 3633 914 3698 exeuntis
936 3631 991 3696 vel
1014 3631 1167 3695 ineuntis
1190 3630 1259 3708 IV..

196 3737 284 3802 nihil
313 3737 465 3803 dubitari
494 3745 618 3824 potest,
648 3741 735 3824 quin
763 3739 994 3825 epimythium
1022 3735 1161 3802 fabulae
1196 3739 1260 3818 11,

197 3844 292 3929 quod
322 3845 431 3910 codex
458 3843 498 3909 A.
529 3846 678 3925 exhibet,
703 3846 977 3912 vetustissimum
1002 3842 1086 3927 sit‘26)
1111 3865 1175 3909 nec
1199 3852 1258 3922 331,

302 3986 337 4057 2⁶)
357 3989 393 4042 cf.
422 4004 498 4054 quae
527 3989 581 4040 hac
610 3989 647 4041 de
676 4005 706 4041 13
727 3988 908 4041 Grenfellius
934 3991 964 4038 et
982 3986 1113 4038 Huntius
1132 3987 1262 4039 breviter

196 4083 389 4130 monuerunt:
422 4079 495 4131 ‘that
523 4094 605 4130 some
634 4083 664 4130 at
682 4080 757 4130 least
777 4077 807 4129 of
826 4077 875 4128 the
894 4075 1027 4127 metrica]
1047 4075 1211 4143 epimythia
1230 4076 1263 4127 01
