2970 4806
640 450 684 456 -
710 411 772 473 113
797 450 841 456 -

207 588 396 671 Bergkium
435 588 608 674 scripsisse
647 587 759 667 video,
800 611 870 673 qua
914 588 1037 653 eadem
1078 589 1274 655 coniectura

207 694 384 780 spondeus
407 696 445 759 in
469 695 593 779 quinta
617 693 697 759 sede
721 692 894 759 admissus
918 687 1125 778 (ἀναγκαῖῶν
1138 700 1274 778 χρειῶν)

205 801 347 880 tollitur,
394 823 500 886 quam
542 803 668 866 omissa
711 821 851 866 caesura
887 807 921 866 et
959 802 1206 887 semiquinaria
1242 809 1275 866 et

208 909 500 994 semiseptenaria,
544 907 685 993 qualem
719 929 858 973 versum
893 908 989 994 apud
1024 908 1191 974 Babrium
1225 910 1275 972 in·

207 1017 325 1081 venies
361 1015 506 1080 nullum.
567 1013 663 1096 Quae
707 1036 787 1079 cum
822 1016 876 1080 ita
912 1015 989 1093 sint,
1031 1016 1089 1080 vix
1124 1014 1273 1080 dubitari

201 1129 332 1207 potest,
358 1123 444 1207 quin
468 1122 534 1187 hoc
559 1122 791 1207 epimythium
815 1123 972 1207 spurium
997 1121 1107 1206 sitm)

208 1372 1275 1458 sthffldmmwmmmmmnnmmmww

265 1479 1214 1565 mmmmmmmmffimm

207 1585 276 1651 lab.
305 1586 354 1648 lt).

207 1693 360 1778 Turpem
385 1691 529 1776 quidam
554 1714 593 1756 ac
618 1690 793 1755 sordidam
818 1689 979 1755 ancillam
1003 1690 1147 1756 ardebat
1176 1712 1275 1755 suam

208 1807 242 1863 et
254 1800 411 1884 poscenti
419 1797 608 1884 praebebat
622 1804 746 1863 cuncta
759 1799 984 1882 paratissime.
1014 1797 1133 1862 Venus
1147 1803 1274 1876 autem,

208 1927 313 1990 quani
338 1904 397 1969 illa
421 1910 542 1989 utpote
566 1902 737 1969 felicitatis
761 1911 938 1970 auctorem
962 1905 1059 1968 omni
1082 1903 1187 1969 modo
1222 1925 1274 1969 co-

208 2011 309 2090 lebat,
347 2009 536 2095 aliquando
573 2009 758 2075 dormienti
791 2013 881 2075 visa:
919 2015 973 2075 ‘ne
1008 2011 1095 2075 mihi
1129 2013 1273 2094 gratiam

207 2117 354 2196 referas',
380 2117 504 2202 inquit,
530 2117 642 2202 ‘quasi
664 2125 698 2182 te
722 2117 904 2202 pulchram
928 2116 1083 2196 lecerim3
1119 2119 1177 2182 isti
1201 2139 1274 2181 suc-

207 2245 343 2295 censeo,
369 2225 425 2288 cui
448 2224 593 2309 pulchra
619 2224 763 2288 videris)
1124 2306 1126 2310 μ

210 2333 250 2396 ln
274 2332 348 2396 cod.
374 2331 412 2395 A.
439 2330 577 2396 fabulae
601 2331 668 2395 hoc
692 2331 923 2417 epimythium
947 2330 1100 2396 additur:

211 2438 261 2515 10,
277 2439 327 2501 13.
353 2437 445 2519 ἅπας
469 2438 486 2502 ὁ
511 2445 584 2520 σοῖς
608 2440 759 2521 αἰσχροῖς
783 2437 832 2519 ὡς
854 2438 974 2518 καλοῖς
993 2440 1123 2519 χαίρωα

352 2544 550 2628 ϋεοβίαβής
573 2549 624 2626 σίς
647 2546 717 2610 ἐστι
740 2546 796 2609 καὶ
821 2546 950 2628 φρένας
972 2545 1092 2626 πηρός.

316 2651 384 2730 Qui
407 2672 526 2715 versus
541 2651 727 2715 Duebnero
746 2650 922 2715 ‘Babrium
946 2651 1117 2715 nonsatis
1141 2648 1274 2714 referm'

210 2757 419 2822 ridebantur
454 2755 507 2839 (f.
538 2757 558 2820 l.
591 2756 611 2820 l.
644 2778 721 2841 pag.
747 2757 819 2839 32);
861 2778 931 2840 qua
966 2776 1046 2820 vero
1083 2755 1124 2820 de
1161 2778 1274 2827 causa,

210 2864 296 2928 nihil
331 2885 412 2928 eum
437 2863 674 2948 disputantem
708 2863 873 2927 invenies.
920 2862 1178 2936 Lachmanuus,
1214 2863 1276 2927 Le-

209 2971 335 3048 wisius
361 2970 529 3054 Bergkius
552 2970 758 3048 retinebant,
788 2969 994 3034 recentiores
1031 2968 1178 3033 editores
1214 2991 1276 3033 un-
1349 2972 1351 2975 ’

210 3078 297 3141 ciuis
321 3078 554 3162 epimythium
578 3077 756 3141 seclusisse
780 3076 891 3142 video,
939 3075 983 3140 Et
1006 3096 1069 3140 suo
1093 3076 1167 3140 iure
1194 3075 1276 3139 reic-

210 3192 364 3253 ‹eeruntf
389 3184 553 3267 Spurium
589 3206 662 3247 esse
697 3203 769 3246 non
803 3189 876 3247 tam
912 3205 954 3248 ex
989 3183 1148 3265 αἰσχροῖς,
1182 3181 1277 3266 quod

210 3310 426 3374 quartiquam
466 3296 576 3353 metro
615 3308 688 3374 non
727 3290 898 3365 convenit,
941 3295 1060 3353 tamen
1100 3286 1198 3353 facile
1238 3296 1276 3352 ut

212 3396 336 3460 librarii
375 3416 486 3460 errore
522 3416 584 3480 pro
621 3396 807 3478 αἰσχροῖσιν
841 3396 995 3479 positum
1031 3393 1276 3477 corrigiturstsst)

319 3499 363 3590 Ν)
377 3499 621 3587 ααροῑοροοασοε
635 3519 716 3586 quod
729 3520 844 3586 attinet,
858 3536 918 3571 una
931 3518 1010 3586 apud
1021 3520 1141 3570 Furiam
1152 3521 1205 3584 (nr.
1213 3518 1276 3579 195»)

211 3609 377 3675 (teorgidae
398 3610 596 3676 epimythium
615 3611 772 3675 expressit3
802 3614 915 3661 ceterae
935 3608 993 3660 alia
1013 3607 1177 3673 epimythia
1195 3624 1275 3674 prae-

212 3702 297 3752 irent:
319 3700 354 3752 οῖ,
374 3698 458 3751 Bodl.
470 3715 534 3764 pag.
546 3697 580 3750 66
600 3700 654 3763 (ur.
666 3697 729 3761 146)
749 3703 778 3750 et
789 3699 917 3750 Florent.
928 3699 995 3750 Fur.
1006 3713 1071 3763 pag.
1082 3695 1117 3748 84
1137 3696 1191 3765 (nr.
1204 3695 1276 3762 198).

212 3788 319 3839 Aviani
338 3787 540 3853 promythium
568 3787 687 3838 fabulae
716 3785 752 3837 de
781 3786 905 3838 formica
934 3794 962 3837 et
992 3783 1094 3837 cicada
1123 3785 1276 3853 (XXXIV)

211 3877 407 3942 praemissum
426 3876 523 3927 simile
544 3880 587 3927 est
607 3891 697 3928 seusu
726 3875 889 3941 epimythio
909 3876 945 3925 ali
966 3874 1138 3940 Aphthonio
1158 3874 1276 3925 fabulae

210 3965 313 4017 addito
335 3965 409 4032 (pag.
429 3963 500 4030 321).
1212 4013 1216 4018 ,

318 4052 364 4123 1⁸9)
383 4053 414 4106 id
434 4053 514 4120 quod
528 4053 743 4117 Boissonadius
757 4058 835 4105 recte
855 4052 1033 4115 coniecerat3
1054 4052 1276 4111 commiscuissc

212 4146 292 4195 enim
305 4145 449 4196 Babrium
468 4144 586 4196 datisos
606 4144 686 4196 etin
706 4147 751 4208 οῖς
770 4147 818 4209 αῖς
831 4145 860 4194 et
874 4142 905 4193 in
919 4146 1014 4204 αῖσιν,
1035 4144 1276 4194 -cictrcxenntes

210 4251 247 4283 ex
268 4233 403 4298 plurimis
423 4233 496 4284 locis
515 4233 649 4299 intellegi
668 4236 773 4297 potest.

1082 4340 1098 4384 s
