2924 4786
642 292 820 356 -62-

195 469 269 535 Iam
306 477 511 553 argumento
551 471 752 553 gravissimo
788 471 937 549 conciso,
974 491 1044 555 quo
1075 472 1154 556 quis
1183 493 1268 536 usus

195 598 334 642 versum
358 578 378 641 8
403 599 423 642 a
446 576 573 642 Babrio
598 577 706 662 possit
730 576 939 655 abiudicare‚
966 578 1027 663 qui
1052 579 1136 642 ‘sine
1159 579 1209 643 ira
1234 586 1269 643 et

196 683 322 748 studio'
348 684 393 749 ad
406 683 596 769 epimythia
610 705 791 767 aggressus
816 684 888 763 erit,
913 683 980 750 hoo
1004 685 1120 770 ipsum
1136 683 1204 750 fab.
1223 686 1267 748 44

196 790 430 876 epimythium
455 797 545 856 certe
569 790 784 856 Babrianum
802 812 875 855 esse
901 790 1134 875 concedetffl)

195 895 263 963 fab.
290 899 341 962 52.

194 1004 300 1069 Tauri
336 1005 464 1069 mneris
499 1004 685 1070 trahebant
721 1026 870 1069 ourrum.
931 1003 994 1070 Cui
1023 1005 1180 1070 stridenti
1203 1005 1265 1070 bu-

194 1112 333 1176 bulous:
346 1112 524 1197 pessime,
542 1113 667 1197 inquit,
687 1111 794 1196 ‘quod
809 1111 938 1176 clamas
950 1120 999 1191 tu,
1014 1134 1119 1197 quem
1133 1133 1266 1178 aerum·

194 1239 278 1283 nose
302 1218 432 1284 vehant
455 1222 630 1285 tacentes'

194 1325 435 1411 Epimythium
458 1326 585 1410 legitur
607 1327 644 1390 in
669 1325 744 1390 ood.
770 1325 802 1390 A
824 1326 904 1391 hoo:

217 1434 269 1511 52,
285 1434 313 1496 7.
339 1439 446 1499 κακοῦ
471 1433 559 1515 πρὸς
583 1433 709 1516 ἀνδρός
732 1434 803 1499 ἐστι
825 1433 958 1515 μακρὸν
982 1433 1139 1516 οἰμώζειν

340 1538 456 1605 ἄλλων
480 1542 693 1618 πονούντων,
719 1540 864 1621 &oetaeo
889 1539 993 1621 αὐτός
1016 1542 1168 1623 κάμνων.
1218 1561 1223 1571 ·

195 1646 405 1732 Corruptum
434 1644 574 1712 versum
609 1646 757 1712 aiterum
788 1646 845 1711 alii
874 1645 971 1712 aliter
999 1668 1120 1712 sanare
1150 1649 1265 1713 conati

195 1759 285 1818 sunt.
328 1752 547 1838 Scripserunt
563 1753 811 1819 Boissonadius
830 1754 977 1836 ὡσπερεί
991 1755 1132 1837 κάμνων
1150 1755 1264 1837 αὐτός,

196 1880 302 1943 quam
333 1858 568 1927 coniecturam
596 1860 696 1926 valde
720 1861 825 1925 miror
849 1860 945 1945 quod
961 1860 1210 1926 Lachmannus
1230 1868 1264 1925 et

196 1964 483 2031 Schneidewinus
508 1968 631 2051 (ignari
656 1967 783 2033 scilieet
811 1966 896 2051 legis
919 1967 1011 2032 illius
1034 1967 1196 2032 metricae
1221 1966 1264 2030 de

196 2079 343 2138 aooentu
368 2094 503 2159 semper
527 2074 763 2160 paenultimae
786 2075 963 2159 imposito)
991 2075 1029 2138 in
1056 2080 1191 2139 textum
1214 2095 1263 2137 re-

196 2186 372 2265 oeperunt
398 2179 589 2246 Ahrensius
614 2181 718 2263 αὐτὸς
735 2181 784 2263 ὡς
799 2182 1038 2264 suessonam,
1055 2179 1264 2245 Duobnerus

197 2285 312 2368 ὥσπερ
338 2286 441 2368 αὐτὸς
465 2289 493 2351 εἰ
524 2289 656 2370 κάμνοι,
693 2286 868 2373 Sauppius
904 2287 953 2370 ὡς
989 2286 1030 2352 ἂν
1054 2288 1086 2352 εἴ
1107 2290 1134 2369 γ’
1160 2286 1265 2368 αὐτὸς

195 2393 327 2475 κάμνοι,
350 2392 575 2458 Hermannus
597 2394 701 2476 αὐτὸς
718 2394 863 2476 ὡσπερεὶ
884 2396 1034 2478 κάμνων.
1066 2395 1118 2458 Ex
1135 2393 1264 2478 quibus

196 2498 402 2564 coniecturis
430 2500 580 2565 maxime
611 2501 698 2566 mihi
733 2501 925 2587 probantur
958 2501 1155 2566 lenissimae
1184 2499 1264 2564 illae

195 2606 391 2671 Hermanni
414 2606 468 2672 vel
491 2607 680 2688 Duebneri,
706 2609 768 2693 qui
790 2609 828 2673 in
854 2608 920 2674 hae
956 2614 1127 2673 structura
1155 2607 1265 2672 nomi·

196 2714 314 2779 nativo
339 2713 443 2795 αὐτὸς
466 2717 609 2801 κάμνων
633 2715 886 2782 offendebatur.
934 2716 1133 2781 intextum
1160 2715 1265 2799 igitur

198 2820 304 2886 altera
320 2828 458 2907 recepta
474 2845 594 2890 versus
615 2825 634 2888 8
652 2825 742 2889 bene
768 2823 881 2901 currit,
907 2844 1021 2907 noque
1047 2821 1142 2886 aliud
1166 2821 1264 2906 quid-

197 2948 303 3011 quam
328 2949 401 2992 esse
425 2937 520 3014 puto
547 2952 608 2995 our
632 2929 865 3014 epimythium
889 2929 1052 2996 aBabrio
1077 2927 1264 2995 abiudioes.

197 3033 326 3099 Sensus
357 3036 451 3099 enim
482 3034 729 3101 aooomodatus
765 3043 816 3102 est
844 3035 993 3116 fabulae,
1031 3058 1143 3103 sermo
1178 3034 1266 3099 nihil

196 3141 371 3206 molestus
419 3141 521 3208 Unde
546 3150 584 3207 111
607 3143 783 3228 incipiam,
809 3146 897 3227 πρός
920 3143 1168 3232 praepositioni
1185 3164 1266 3207 oum

196 3249 355 3332 genetivo
392 3249 597 3314 coniunctae
634 3271 736 3335 saepe
771 3253 843 3316 iim
878 3253 991 3316 inesse
1024 3255 1070 3316 ‘es
1100 3252 1182 3332 liegt
1216 3250 1266 3313 im

197 3355 385 3421 Charakter
407 3356 499 3441 jem,
526 3377 561 3420 es
584 3357 629 3420 ist
653 3355 708 3419 die
732 3355 795 3422 Art
817 3357 910 3442 jem,
937 3379 972 3420 os
1000 3359 1089 3440 zeigt
1112 3359 1191 3424 von'
1217 3355 1266 3439 (id

197 3461 292 3545 quod
315 3462 438 3526 Latine
464 3462 589 3527 dieitur
614 3465 675 3526 ‘est
704 3460 863 3547 alieuius)
898 3469 1003 3530 testes
1038 3473 1120 3531 sunt
1155 3484 1265 3547 gram·

196 3568 314 3632 rnatioi
338 3575 371 3632 et
394 3567 636 3653 lexicographi.
674 3559 808 3633 Eodem
824 3569 928 3654 piane
945 3569 1051 3634 modo
1068 3571 1156 3653 πρὸς
1171 3591 1266 3655 prae-

196 3675 406 3760 positionem
428 3675 465 3738 in
490 3676 681 3761 epimythio
706 3673 774 3741 fab.
801 3677 842 3740 81
868 3684 1073 3764 usurpatam
1093 3677 1264 3755 uidemus,

196 3781 292 3866 quod
317 3782 547 3867 epimythium
570 3782 688 3847 Babrii
716 3805 789 3848 esse
817 3781 907 3847 inira
936 3783 1263 3849 demonstrabimus.

302 4027 357 4100 11²)'
370 4039 499 4086 ceterum
519 4035 654 4100 legerunt
672 4034 881 4099 paraphrastes
911 4034 1108 4100 epimythium
1138 4034 1202 4088 cod.
1222 4035 1265 4098 Α;

196 4120 417 4186 ef.pa1·.Bodl.
438 4139 464 4188 p.
486 4122 527 4188 16,
548 4122 664 4175 Corsos.
684 4138 748 4188 pag.
770 4121 829 4174 193.
