2924 4786
654 307 831 372 „63-

208 486 262 552 Ad
287 507 429 551 sensum
453 506 535 550 vero
559 485 742 571 epimythii
770 492 810 550 ut
833 484 1027 564 redeamus,
1064 485 1193 570 optime
1224 506 1279 550 ca·

208 594 325 678 stigari
340 593 511 671 homiues,
536 593 598 677 qui
614 613 696 657 curn
719 591 778 657 alii
800 592 897 677 operi
912 590 1079 656 insudent
1094 591 1160 677 ipsi
1176 592 1277 677 quasi

208 700 250 765 de
274 701 346 766 suis
375 699 554 765 laboribus
578 706 779 784 querantur,
816 699 895 784 quis
920 704 980 777 est,
1017 699 1079 783 qui
1102 697 1272 782 negetssss).

207 807 359 885 Accedit,
382 806 479 892 quod
501 806 596 871 idern
619 805 690 871 fere
715 805 948 891 epimythium
970 805 1096 889 legitur
1119 807 1156 870 in
1179 827 1276 891 para·

207 913 400 1000 phrasibus·
416 912 580 978 omnibus
605 913 710 995 (orire)
734 914 793 977 καὶ
806 912 889 978 ἔνιοι
904 913 1031 994 ἑτέρων
1046 912 1277 995 μοχθούντων

207 1021 304 1086 αὐτοὶ
327 1025 597 1103 προσποιοῦνται
627 1021 767 1103 κάμνειν
794 1003 849 1085 vel
880 1019 1027 1104 similia),
1058 1020 1107 1085 ita
1131 1026 1171 1085 ut
1204 1019 1274 1084 iam

209 1128 413 1193 Duebuerus
436 1127 503 1192 hoc
527 1127 760 1212 epimpthiurn
784 1126 903 1192 Babrii
927 1149 1001 1192 esse
1026 1146 1099 1191 non
1122 1133 1275 1209 negaret,

206 1234 276 1300 Suo
300 1236 405 1319 igitur
427 1234 501 1299 iure
525 1233 688 1298 nonnulli
711 1234 775 1298 nri
799 1233 893 1298 docti
928 1237 980 1314 (ut
1005 1233 1217 1298 Passeratius
1241 1242 1279 1298 et

206 1340 387 1426 Bergkius)
410 1340 575 1407 ridentur
597 1341 684 1405 mihi
707 1362 828 1406 versus
851 1339 979 1405 Babrio
1002 1339 1205 1404 vindicasse.

204 1464 272 1531 fab.
298 1467 350 1530 59.

204 1573 472 1638 Contendebant
520 1572 691 1657 luppiter,
740 1572 936 1657 Neptunus,
983 1571 1146 1649 Minerua,
1195 1572 1277 1656 quis

203 1679 389 1765 pulchrum
413 1679 499 1764 quid
523 1685 660 1744 crearet.
710 1678 874 1744 Condidit
893 1679 1055 1764 Juppiter
1081 1679 1271 1755 hominem,

203 1787 356 1852 Minerva
393 1786 547 1863 domum,
584 1795 726 1851 taurum
760 1786 954 1871 Neptunus
1001 1785 1117 1851 Judex
1148 1786 1273 1852 consti-

203 1902 300 1959 tutus
339 1902 390 1958 est
428 1893 575 1958 Momus.
629 1893 696 1957 Hic
734 1894 876 1957 taurum
910 1892 1139 1978 tituperabat,
1176 1892 1273 1978 quod

203 2021 332 2066 cornua
367 2022 439 2065 non
476 2007 591 2065 essent
625 1998 716 2064 inira
741 2000 860 2064 oculos
883 2001 1005 2085 posita,
1042 2007 1082 2064 ut
1115 1997 1271 2065 ferienda

203 2116 366 2177 cerneret,
383 2107 574 2172 hominem.
600 2107 696 2191 quod
720 2114 843 2192 pectus
866 2126 938 2170 non
963 2113 1056 2171 esset
1072 2106 1272 2191 adapertile,

202 2235 273 2299 quo
289 2213 432 2279 consilia
453 2213 606 2278 hominis
623 2214 785 2297 cognosci
809 2219 968 2299 possent,
994 2213 1148 2292 domum,
1175 2212 1271 2298 quod

201 2319 316 2386 locum
341 2342 414 2385 non
438 2328 589 2386 mutaret
613 2320 764 2386 dominis
787 2341 929 2406 peregre
953 2319 1178 2386 abeuntibus.

201 2444 451 2530 Epimythiunr,
477 2445 573 2531 quod
596 2444 737 2511 fabulae
762 2445 922 2511 additum
947 2452 1014 2511 cst:

201 2568 253 2641 59,
272 2570 321 2633 16.
349 2574 380 2634 τί
403 2569 465 2635 οὖν
489 2570 507 2635 ὁ
530 2569 647 2653 μῦθός
671 2593 775 2654 φησιν
798 2571 835 2635 ἐν
859 2569 1025 2654 ὁιηγήσει;

347 2682 454 2759 πειρῶ
472 2698 502 2742 ιι
519 2685 640 2757 ποιεῖν,
659 2677 718 2743 ιὸν
735 2677 873 2761 φθόνον
890 2676 926 2742 δέ
941 2679 989 2761 μὴ
1006 2680 1140 2759 κρίνειν.

346 2783 489 2865 ἀρεστὸν
514 2784 635 2867 ἁπλῶς
660 2783 760 2850 οὐδέν
783 2784 853 2848 ἐστι
878 2789 926 2866 τῷ
949 2786 1073 2868 μώμῳ.

200 2928 321 2972 omnes
355 2906 425 2973 lere
460 2909 525 2973 viri
560 2908 653 2975 docti
683 2901 810 2974 Babrio
834 2908 1040 2974 tribuerunt.
1087 2908 1216 2974 Versus
1240 2911 1269 2976 si

198 3013 413 3094 lectitaveris,
430 3017 584 3102 primum
612 3026 646 3083 ct
669 3017 810 3082 tertium
834 3015 921 3080 nihil
945 3015 1149 3082 offensionis
1172 3039 1269 3102 prac-

198 3120 277 3187 bere
313 3122 478 3188 iuvenies.
539 3122 645 3188 Alteri
675 3144 757 3188 vero
783 3122 971 3188 difficultas
995 3123 1132 3189 ridetur
1154 3125 1268 3190 inesse

197 3227 293 3292 haud
317 3230 365 3294 ita
388 3250 504 3314 parua.
561 3230 746 3310 Quaeritur
776 3231 870 3295 eninr
895 3232 1066 3296 sententia
1091 3229 1183 3297 illius
1208 3231 1268 3296 τὸν

304 3423 349 3479 113)
369 3426 399 3477 iu
424 3429 515 3493 κακός
543 3442 612 3479 vcro
641 3442 713 3478 voce
742 3434 844 3493 utpote
864 3426 892 3479 h.
912 3427 931 3479 l.
960 3427 1092 3487 graviore
1122 3441 1182 3478 non
1212 3435 1266 3483 cst.

196 3529 248 3565 rur
266 3513 465 3567 offendamus.
502 3517 581 3582 Apto
601 3532 672 3569 sane
692 3514 781 3568 modo
801 3517 1010 3582 Hertzbergius
1030 3515 1130 3567 vertit:

303 3604 363 3656 Des
383 3605 553 3657 schlechten
574 3607 677 3657 Kerlcs
696 3606 795 3657 Weise
815 3605 887 3664 ist's,
907 3621 942 3656 zu
962 3606 1134 3667 wclrklagen

302 3692 354 3744 Bci
375 3693 491 3746 Andrcr
509 3695 598 3749 Muh'.
619 3696 661 3746 als
682 3695 720 3745 ob
740 3710 771 3745 er
789 3696 883 3746 selbst
902 3695 964 3745 sich
985 3695 1133 3759 abqultlte.

195 3783 333 3834 veterum
353 3797 408 3834 nos
432 3782 554 3848 quidem
582 3783 720 3836 similitor
749 3799 782 3834 ac
801 3783 829 3835 h.
849 3784 868 3836 l.
887 3785 1003 3849 μακρόν
1030 3780 1165 3852 οἰμώζειν
1192 3781 1263 3833 ‹liri-

195 3886 261 3922 mus
281 3871 372 3933 'gross
392 3872 535 3927 schreicu,
565 3874 608 3924 als
629 3873 684 3926 ob'.
724 3871 807 3937 puin
837 3872 1003 3923 sclrlcchtcr
1032 3872 1100 3922 Kcrl
1131 3872 1176 3931 ist,
1206 3887 1266 3922 wer

194 3974 276 4025 gross
314 3961 431 4014 schreit.
465 3963 508 4013 als
544 3963 582 4013 ob
618 3978 654 4014 er
687 3961 750 4012 sich
786 3962 918 4017 comunt.
955 3959 1094 4013 wlthreud
1132 3959 1263 4012 andero

194 4049 353 4102 arbonen?
404 4051 507 4103 Talem
539 4052 717 4103 sententiam
750 4068 786 4102 cx
818 4051 919 4103 faunu
952 4066 1038 4117 posse
1072 4048 1141 4101 duri
1170 4050 1263 4102 nrani-

195 4136 306 4191 festum
325 4148 370 4192 est
380 4142 396 4207 ΙΙ
