2924 4786
666 344 709 350 —
735 305 798 370 ,1210
822 343 866 351 -

232 484 360 549 ἐκτῖσαι
388 483 553 567 coniungi
583 482 747 548 voluisset
775 481 954 561 Babrius,—·
969 504 1089 548 sensus
1119 483 1304 569 epimythii

231 591 375 664 minime
407 589 498 655 cadit
532 591 570 654 in
593 574 707 675 ipsam
740 587 907 669 fabulam,
943 591 980 662 in
995 611 1075 674 2qua
1107 590 1197 655 ‘nihil
1231 591 1299 656 tale

232 697 365 780 legitur,
391 697 487 781 quod
510 696 729 761 Boissonadii
755 697 1039 782 interpretatione
1063 695 1297 763 confirmatur.

232 802 326 885 Quid
364 805 467 882 enim,
499 823 639 888 quaeso,
679 802 818 868 fabulae
859 802 960 869 docet
998 805 1160 870 maritum
1200 806 1300 869 uxori

233 910 362 975 malam
397 911 544 994 gratiam
566 908 763 975 rettulisse?
820 908 906 975 Aliis
932 909 1073 976 ‘deinde
1109 910 1299 977 editoribus

232 1018 401 1103 scriptura
425 1016 498 1082 eod.
524 1014 555 1081 A
579 1016 761 1103 ἐπιχαίρειν
785 1015 972 1102 depravata
1003 1038 1076 1082 csse
1106 1016 1298 1085 videbatur.

233 1144 295 1210 pro
320 1146 390 1209 qua
414 1124 516 1190 scribi
543 1124 684 1211 volebat
706 1110 954 1204 Lachmannus
991 1116 1216 1208 ἐσιιὸαίρειν
1240 1124 1300 1212 pc

232 1230 328 1317 quod
352 1230 636 1298 Schneidewinua
670 1229 853 1317 probavit),
898 1229 1067 1314 Bergkius
1108 1220 1298 1314 ἐπιχαίαὲιι,

232 1358 340 1422 quam
360 1334 614 1403 ¹coniecturam
653 1360 690 1414 a¹
712 1337 833 1418 Crusio
876 1339 914 1402 in
941 1343 1087 1403 textum
1125 1327 1299 1425 receptam

231 1445 396 1511 invenies.
438 1443 506 1509 Sed
523 1444 703 1530 quomodo
719 1446 937 1525 coniecturae
946 1442 1031 1509 illae
1047 1431 1299 1529 intellegendae

233 1551 311 1630 sint,
337 1550 501 1645 equidem
524 1572 596 1616 non
613 1551 725 1630 video,
750 1534 865 1637 neque
895 1551 1110 1636 interpretati
1134 1557 1217 1616 sunt
1240 1547 1301 1615 aut

202 1648 205 1653 ’
234 1658 294 1742 qui
340 1651 624 1741 excogitaverunt
666 1666 727 1724 aut
777 1659 837 1743 qui
882 1657 1126 1744 probaverunt.
1171 1656 1297 1750 ‚Ceteri

232 1785 355 1829 omnes
379 1763 527 1830 editores
544 1772 604 1854 aut
622 1767 827 1852 scripturam
852 1765 925 1830 cod.
944 1765 975 1829 A
998 1764 1104 1830 κακὸν
1120 1765 1300 1848 ἐπιχαίρειν

232 1877 437 1955 receperunt
467 1868 527 1936 aut
551 1858 789 1956 Hartungium
818 1873 927 1951 secuti
951 1873 1160 1957 scripserunt
1195 1871 1300 1949 κακόν

233 1977 303 2043 ἐστι
322 1981 460 2061 χαίρειν.
508 1978 561 2043 Ex
576 2001 654 2044 mea
678 1977 821 2065 quidem
838 1979 1010 2060 sententia
1033 1970 1139 2043 huius
1160 1975 1300 2059 fabulae

235 2085 297 2161 116
322 2106 427 2149 sensu
462 2086 694 2171 epimythium
720 2084 926 2171 postulatur,
963 2106 1033 2170 quo
1064 2084 1196 2149 malum
1227 2104 1300 2148 esse

233 2173 411 2271 hominem
435 2172 655 2277 ¹'exprimitur
693 2213 783 2272 eum,
825 2193 886 2277 qui
925 2193 953 2256 si
982 2193 1060 2277 quis
1098 2190 1299 2277 peccaverit,

233 2291 385 2363 remittat
423 2299 583 2363 meritam
626 2319 774 2384 poenam
814 2297 972 2377 laetatua
1021 2296 1117 2386 quod
1159 2297 1233 2383 ipse
1268 2295 1297 2359 'si

233 2404 436 2488 peccaverit,
448 2403 537 2468 illud
552 2411 736 2488 peceatum
758 2404 875 2470 licebit
890 2426 1032 2470 monere
1053 2404 1169 2469 adsui
1191 2403 1299 2488 ipsius

234 2509 366 2594 peccati
389 2510 527 2575 veniam
559 2510 824 2596 impetrandam.
874 2497 1028 2577 Similem
1056 2509 1300 2593 Hertzbergius

233 2615 343 2682 voluit
367 2638 441 2681 esse
466 2639 608 2683 sensum
644 2619 825 2704 epimythii
844 2619 937 2684 'huic
972 2616 1111 2683 fabulae
1147 2637 1299 2682 accomo-

234 2722 364 2788 datum.
413 2723 481 2805 Qui
504 2746 581 2809 pag.
601 2726 664 2789 211
691 2726 738 2790 sic
761 2723 846 2789 fere:
876 2723 964 2804 „Der
980 2723 1066 2816 Sinn
1091 2722 1152 2788 der
1173 2721 1300 2789 beiden

235 3005 322 3073 ἄμφω
341 3009 432 3074 igitur
450 3009 590 3060 maritum
610 3013 639 3059 et
659 3008 798 3059 iuvenem
816 3005 1036 3074 intellegendos
1051 2990 1172 3060 vcensuit
1195 3007 1300 3073 paeda-

234 3096 354 3147 rastiam
382 3097 553 3161 respiciens.
592 3096 673 3158 Quae
703 3096 873 3149 coniectura
901 3097 928 3149 si
955 3100 1034 3148 recte
1062 3113 1093 3149 se
1121 3097 1244 3150 haberet

233 3184 314 3236 haud
333 3185 404 3252 scio,
425 3201 462 3236 an
482 3185 623 3251 probetur
633 3185 726 3237 simili
740 3186 909 3238 narratione
923 3184 1003 3253 apud
1012 3186 1173 3252 Apuleium
1191 3186 1243 3252 IX,
1254 3185 1305 3263 263

234 3274 307 3340 'ipae
334 3290 401 3325 curn
429 3289 520 3340 puero
552 3274 665 3326 cubans
697 3275 865 3340 gratissima
896 3280 1100 3340 corruptarum
1130 3268 1300 3342 nuptiarum

236 3361 366 3414 vindicta
384 3363 599 3429 peffmebatur'
618 3394 661 3429 —-‚
691 3362 830 3428 equidem
858 3364 979 3415 mallem
1007 3361 1070 3417 aira
1097 3364 1222 3430 κάκείνῳ

236 3450 279 3516 ἥὸ’
299 3449 443 3518 condebat
463 3451 564 3519 (quam
583 3452 760 3517 scripturam
778 3453 901 3516 praebet
924 3450 988 3502 eod.
1008 3451 1053 3520 V).
1091 3451 1301 3505 Lachmannus

235 3540 361 3592 mutavit
380 3538 442 3594 εἶτα
461 3541 597 3606 κάκεῖνος
616 3581 622 3593 .
643 3581 649 3593 .
670 3581 676 3592 .
695 3538 759 3605 χὴὁ’
789 3536 934 3607 coudecet
962 3540 1035 3592 ‘tum
1061 3544 1091 3592 et
1109 3540 1160 3592 ille
1180 3545 1209 3593 et
1228 3541 1301 3593 hacc

235 3629 487 3694 conquiescebant
499 3627 617 3698 (segnes
631 3631 734 3695 erant),
747 3629 773 3680 si
792 3630 880 3681 ambo
899 3629 1040 3681 volebant
1052 3628 1149 3681 facere
1170 3628 1300 3694 aliquid'.

235 3719 309 3770 Mira'
329 3722 372 3771 eat
393 3717 560 3769 Gitlbaueri
579 3717 792 3784 interpretatic,
813 3718 864 3783 qui
883 3717 992 3769 voluit:

871 3822 933 3878 εἶτα
952 3826 1088 3892 ’κάκεῖνος

432 3931 519 3998 ἄμφω
539 3929 687 3985 detector
706 3931 779 3996 ὁρᾶν
797 3946 832 3984 ιι·
854 3930 930 3997 Γἰῇὸε
950 3928 1087 3998 ῥαθαμιι’

236 4039 358 4090 (rusius
377 4039 506 4104 deniqne
526 4037 587 4105 τῇδ’
608 4038 672 4090 ‘hac
685 4038 808 4090 ratione’
828 4038 1039 4104 interpretatus
1054 4043 1099 4090 cst
1112 4044 1141 4091 et
1154 4037 1301 4106 ῥᾳθυμεῖν

236 4126 327 4179 Suida
347 4129 454 4180 collato
473 4133 535 4194 τοῖς
555 4126 741 4193 ἀφροὸισίοις
760 4125 918 4197 σχολάζειν.
1105 4116 1109 4123 ’
