2924 4786
705 246 747 308 80
771 284 814 289 .-

194 438 272 512 post
311 426 536 491 Duebnerum
576 423 835 493 Laehnrannus,
876 419 1172 501 SelrneidewinuS,
1204 421 1259 485 alii

194 555 256 618 pro
292 521 409 618 spurio¹
453 531 662 599 habuerunt.
724 528 839 614 Atque
876 528 1082 593 Duebnerus
1119 528 1258 613 quidem

196 661 302 724 quare
327 645 522 704 commotus
546 638 590 702 sit
606 637 692 702 haee
710 635 872 703 seribere:
900 634 1152 720 ‘epimythium
1170 658 1200 701 v.
1218 638 1258 716 21

196 758 229 811 et
265 748 317 825 22,
354 767 426 811 non
456 754 505 810 est
538 743 664 808 Babrii'
698 743 729 826 tl.
761 742 782 806 1.
808 764 886 828 pag.
912 741 977 826 59),
1003 762 1075 806 non
1099 742 1259 826 intellego

196 875 320 939 neque,
358 875 427 938 qua
464 851 505 916 (le
543 873 646 916 eausa
681 850 748 914 hoe
784 848 1016 936 epimythium
1057 849 1258 935 displiceret,

197 960 341 1025 aliorum
368 961 565 1044 quisquam,
603 959 664 1043 qui
687 959 888 1036 reiecerunt,
924 956 1118 1042 explicarit.
1166 957 1260 1033 ΙΜ1111

197 1066 337 1151 quidem
364 1088 481 1131 versus
505 1064 581 1130 illos
606 1066 732 1130 iterum
756 1072 861 1149 atque
884 1064 1011 1129 iterum
1034 1066 1258 1149 perserutant'

197 1174 284 1238 nihil
308 1175 463 1252 occurrit
490 1194 550 1237 eur
565 1171 822 1257 proscriberent.
871 1170 1027 1235 Primum
1043 1172 1137 1236 enim
1152 1178 1260 1238 metro

197 1291 229 1344 et
267 1302 424 1345 sennone
461 1280 583 1365 optimi
619 1287 709 1345 sunt.
768 1277 824 1343 Au
852 1299 993 1343 sensum
1018 1277 1143 1343 deinde
1168 1277 1260 1364 quod

198 1389 330 1465 attinet,
368 1386 600 1473 epimythium
629 1386 706 1460 tale,
748 1385 850 1471 quale
886 1386 920 1448 in
958 1384 1032 1450 eod.
1069 1383 1108 1450 A.
1139 1384 1263 1469 legitur

199 1499 309 1559 ‘noem
345 1495 475 1559 inscius
510 1495 584 1579 ipse
620 1491 694 1571 sibi,
732 1493 793 1577 qui
829 1512 947 1557 eorum
983 1475 1060 1557 lieri
1093 1494 1262 1579 particeps

199 1602 303 1687 eupit,
322 1623 412 1686 quae
426 1601 564 1683 negavit
581 1602 726 1678 natma’,
744 1596 883 1664 fabulae
901 1597 1263 1664 accomodatissimum

199 1731 272 1772 esse
297 1709 375 1792 quis
392 1715 453 1785 est,
479 1707 540 1792 qui
563 1707 680 1788 neget!
729 1705 831 1787 Quod
849 1726 930 1771 vero
955 1707 1181 1794 paraphrases
1198 1704 1262 1770 alia

200 1815 366 1899 praebent
398 1813 597 1899 epimythia,
629 1834 702 1878 non
726 1821 786 1892 est,
817 1835 877 1878 eur
906 1813 972 1879 hoe
996 1814 1112 1900 ipsum
1136 1814 1263 1899 111111111-

201 1921 324 2000 thium,
346 1920 442 2005 quod
457 1921 493 1984 111
512 1919 585 1984 eod.
604 1920 645 1985 A.
657 1919 791 2003 legitur,
805 1920 923 1985 Babrii
935 1942 1008 1985 non
1025 1943 1097 1986 esse
1115 1919 1262 2004 colligas.

205 2028 431 2114 Paraphrases
455 2029 548 2092 errim
578 2029 606 2092 si
629 2029 844 2113 percurreria
875 2029 1013 2113 saepius
1037 2026 1169 2094 laetum
1193 2048 1264 2092 esse

203 2135 343 2212 ridebis,
381 2142 419 2200 ut
455 2157 496 2198 ex
536 2157 606 2200 una
645 2132 764 2199 fabula
802 2134 903 2220 plura
942 2135 1131 2221 epimythia
1169 2154 1264 2220 para·

201 2243 361 2327 phraates
386 2248 542 2327 peterent
566 2250 599 2306 et
621 2264 692 2306 ase
710 2242 852 2321 (lirense,
870 2251 974 2328 prout
991 2235 1138 2327 quisque
1154 2242 1266 2327 ipsam

204 2348 354 2414 fabulam
391 2348 613 2431 intellegeret.
673 2349 846 2414 Babu'ana
882 2357 999 2415 autem
1031 2349 1104 2415 eod.
1133 2348 1172 2413 A.
1199 2349 1266 2434 epi·

202 2455 336 2540 mythia
360 2477 441 2540 prae
465 2454 730 2541 parapln'asium
755 2478 890 2542 semper
913 2455 983 2521 iere
1007 2457 1118 2522 multo
1136 2457 1268 2541 aptiora

203 2586 276 2627 esse
311 2563 466 2626 invenies
503 2570 535 2627 et
570 2562 837 2647 venustioraffl)
895 2564 948 2629 Ita
978 2566 1083 2630 etiam
1110 2564 1176 2629 hoe
1200 2563 1280 2648 epi.

204 2669 377 2754 mythium
413 2670 486 2735 eorl.
525 2669 563 2733 A.
601 2671 745 2734 onmino
777 2670 868 2736 eadit
892 2672 928 2735 in
954 2693 1096 2737 sensum
1118 2667 1266 2735 fabulae.

203 2776 271 2841 11111.
300 2777 372 2841 103,
873 2855 876 2860 ¹

207 2885 274 2947 lieo
311 2885 406 2948 senio
443 2894 620 2970 eorreptus
657 2907 734 2949 eum
772 2887 843 2949 suis
878 2887 1009 2952 viribus
1049 2885 1164 2951 eibum
1205 2881 1269 2946 sibi

206 3012 324 3074 parare
362 3012 433 3055 non
461 2993 529 3054 iam
562 2998 687 3074 posset,
717 2992 754 3055 in
778 2998 877 3057 antro
902 2993 1067 3059 manebat
1091 2996 1269 3074 aegrotum

206 3121 240 3159 se
266 3118 339 3160 rasae
364 3097 541 3161 simulans.
589 3096 680 3161 Turn
704 3097 831 3163 bestias
856 3120 937 3163 eum
960 3101 1140 3166 visitantes
1164 3117 1272 3165 unam

206 3209 284 3288 post
308 3202 451 3268 alteram
475 3202 571 3267 nullo
596 3203 712 3268 labore
738 3206 950 3271 eonredebat.
999 3207 1131 3292 Vulpes
1154 3209 1272 3269 autem

207 3317 320 3374 astuta
357 3309 476 3374 dolum
514 3312 620 3375 sensit
650 3319 682 3375 et
711 3313 831 3396 procul
856 3320 951 3378 stans
975 3315 1048 3398 regi
1071 3309 1199 3378 blande
1222 3310 1272 3374 in-

208 3417 330 3480 vitanti
365 3417 564 3502 respondet:
601 3418 680 3481 Non
716 3419 852 3499 aeeed0,
890 3421 1057 3505 quoniam
1093 3418 1195 3485 video
1222 3423 1271 3481 tot

206 3523 410 3586 intrantium
437 3525 589 3605 vestigia.
616 3526 816 3590 exeuntium
843 3551 886 3590 ne
911 3546 1024 3591 unum
1049 3526 1200 3611 quidem.

212 3628 449 3713 llpimythium
474 3631 547 3694 eorl.
575 3630 630 3694 Aa

212 3735 350 3803 111120,
387 3738 555 3819 μακάριος
579 3738 671 3820 ὅστις
695 3740 735 3803 οὐ
759 3738 994 3822 προλαμβάνει
1018 3744 1174 3821 πταίσας,

388 3841 461 3908 ἀλλ’
487 3844 591 3926 αὐτὸς
615 3844 730 3911 ἄλλων
755 3854 951 3929 συμφοραῖς
974 3846 1175 3929 ἐπαιδεύθη.

317 3983 511 4048 1111111111111111
537 3989 679 4053 renierus,
700 4004 774 4053 quae
804 3988 840 4039 de
870 3989 1093 4056 paraplnasiuru
1118 3988 1275 4042 11101111

210 4074 439 4140 epimytlrimmn
460 4076 573 4127 ratione
594 4094 680 4144 supra
701 4077 796 4129 fusius
817 4077 941 4129 disserui
964 4094 1028 4143 pau.
1052 4079 1091 4133 12.
