2924 4786
637 276 815 341 ..33-

193 455 261 520 nisi
294 455 332 519 in
355 454 500 520 vocibus
535 453 759 540 polysyllabis
789 454 956 521 Babrium
984 476 1056 521 non
1081 457 1263 523 admisisse

194 582 298 647 supra
323 560 646 626 demonstravimus.
698 560 745 626 At
767 562 831 627 riri
855 561 948 628 dooti
971 569 1011 628 ut
1033 564 1189 650 ipsarum
1213 563 1262 630 la-

195 667 358 733 bularum
392 689 530 733 versum
567 689 657 747 eurn,
694 689 800 753 quern
836 689 856 733 a
883 668 1001 735 Babrii
1025 677 1096 736 arte
1120 673 1263 738 metrica

196 773 349 840 alienum
381 774 516 840 eodioes
546 774 723 861 praebent,
757 776 914 861 spurium
939 797 1012 841 esse
1037 797 1110 842 non
1132 777 1263 844 iudiea-

195 887 329 961 rerunt,
367 882 396 947 si
431 882 628 947 oonieotura
663 882 778 947 sanari
811 889 956 968 poterat,
993 883 1055 948 sed
1089 883 1264 950 medicina

195 994 317 1074 parata
350 996 441 1054 reete
476 990 513 1053 in
549 994 714 1054 contextu
740 989 968 1069 retinuerunt,
992 991 1042 1055 ita
1066 992 1170 1056 etiam
1195 992 1264 1077 epi-

197 1095 348 1181 mythiis,
365 1095 428 1161 ubi
442 1093 543 1161 laoile
559 1092 635 1160 lieri
646 1096 770 1181 potuit,
786 1095 914 1160 auxilio
926 1097 1043 1161 venire
1056 1096 1263 1164 debuerunt.

198 1202 339 1268 Matrica
362 1222 443 1268 vero
479 1199 677 1281 difficultas,
715 1223 805 1288 quae
835 1202 918 1267 huio
949 1203 1140 1289 epimythio
1163 1205 1264 1279 inest,

196 1308 374 1374 lenissima
404 1311 602 1375 coniectura
629 1308 704 1374 tolli
727 1315 861 1395 potest3
895 1329 975 1373 oum
997 1309 1095 1375 Fixio
1120 1311 1213 1376 enirn
1237 1313 1267 1376 si

198 1435 261 1502 pro
290 1418 424 1499 φεύγειν
452 1416 526 1482 ood.
558 1414 598 1480 A.
628 1415 797 1501 scriptura
828 1421 948 1497 φυγεῖν
975 1415 1266 1502 scripserimus&

200 1522 396 1608 spondeum
418 1525 526 1589 istum
550 1529 751 1609 suspectum
777 1519 978 1587 delebimus.
1031 1523 1137 1589 Recte
1150 1525 1267 1608 'igitur

200 1651 243 1694 ex
276 1651 354 1695 mea
390 1630 533 1717 quidem
568 1628 740 1694 sententia
766 1626 943 1708 Lewisius,
969 1628 1265 1707 Schneidewinus

199 1735 381 1823 Maehlyus
414 1735 581 1815 fecerunt,
617 1733 714 1820 quod
748 1740 787 1798 ut
822 1735 1055 1821 epirnythium
1081 1737 1169 1802 illud
1192 1759 1267 1803 sen-

200 1843 309 1908 tentia
338 1845 557 1930 aptissimum
581 1842 709 1909 Babrio
733 1839 958 1922 vindicarent,
984 1843 1072 1908 Fixii
1096 1845 1267 1910 coniectu-

201 1946 1089 2037 ramsatisprobabilemincontextumreeeperunt.
1120 1950 1269 2035 ὀφείλειν

202 2055 327 2123 deinde
351 2058 497 2124 verbum
532 2077 595 2144 pro
627 2057 703 2139 χρή,
740 2053 793 2119 δεῖ
821 2063 1038 2141 usurpatum,
1067 2057 1164 2142 quod
1188 2078 1268 2122 oum

203 2163 326 2230 eodem
361 2165 467 2231 modo
503 2163 699 2231 adhibitum
734 2161 772 2225 in
806 2162 958 2247 pedestri
992 2165 1183 2250 epimythio
1217 2164 1268 2227 in-

201 2272 355 2338 venirem
380 2273 507 2357 (οὕτως
530 2275 633 2336 τινῶν
657 2269 689 2334 οἱ
711 2267 861 2333 κίνδυνοι
884 2267 1002 2353 διδαχὴ
1024 2271 1111 2336 εἶναι
1127 2270 1268 2357 ὀφείλει)

203 2378 314 2463 primo
331 2379 562 2465 suspioiosum
578 2375 665 2440 mihi
679 2373 872 2454 videbatur,
890 2397 962 2440 non
978 2384 1051 2442 tam
1062 2378 1268 2443 inusitatum

203 2506 277 2550 esse
301 2493 405 2551 testes
430 2491 512 2550 sunt
532 2482 726 2549 Passowius
743 2487 777 2547 et
793 2481 899 2547 Henr.
919 2481 1126 2570 Stephanus.
1168 2481 1271 2564 Quod

204 2591 356 2678 denique
379 2594 417 2657 in
442 2592 515 2656 eod.
540 2590 580 2656 V.
607 2589 838 2676 epimythium
866 2590 1045 2671 omittitur,
1078 2610 1149 2655 non
1183 2589 1270 2655 adeo

203 2699 435 2784 premendum
458 2704 518 2764 est.
565 2697 607 2761 ln
630 2697 723 2762 hisee
748 2697 841 2761 enim
864 2696 969 2761 robus
993 2696 1067 2762 ood.
1092 2696 1132 2762 A.
1162 2697 1272 2762 maior

204 2803 293 2871 fides
318 2813 369 2872 est
391 2804 563 2871 habenda.
610 2802 813 2869 Knoellium
836 2824 917 2870 vero
942 2825 1080 2881 errasse,
1106 2826 1186 2870 oum
1203 2804 1271 2887 epi-

205 2912 339 2998 mythia
375 2912 449 2978 ood.
485 2911 537 2991 A„
574 2912 657 2997 quia
690 2911 729 2975 in
760 2909 833 2975 ood.
859 2910 899 2976 V.
925 2911 1049 2990 desint,
1072 2909 1273 2976 recentioris

206 3021 328 3085 aetatis
374 3040 447 3084 esse
494 3017 630 3102 collegit
674 3017 794 3101 (Neue
832 3018 969 3096 Fabeln
1004 3018 1064 3083 des
1102 3016 1272 3091 Babrius',

208 3125 523 3209 Sitzungsberiehte
559 3124 619 3190 der
654 3125 911 3211 philos-histor.
941 3125 1064 3191 Klasse
1097 3122 1157 3188 der
1187 3122 1271 3187 kais.

207 3233 398 3298 Akademie
434 3232 494 3297 der
520 3230 827 3311 Wissensohaiten
858 3231 924 3296 vol.
962 3230 1015 3309 91,
1051 3227 1133 3295 iaso.
1169 3227 1272 3301 I—IL

208 3341 321 3423 (1878)
356 3361 433 3425 pag.
466 3340 553 3424 668),
585 3339 784 3405 testimonio
816 3342 956 3404 suntet
980 3335 1274 3401 sehedaeillaea

209 3445 397 3512 (drenlellio
423 3453 456 3512 et
480 3447 616 3512 Huntio
640 3453 794 3533 repertae
819 3452 852 3511 et
871 3442 1012 3511 tabulae
1028 3439 1274 3508 Assendelltia-

208 3575 274 3618 nae
292 3560 396 3638 atque
413 3555 486 3640 ipse
503 3552 678 3641 professus
695 3561 746 3619 est
763 3553 904 3619 Orusius
921 3550 1060 3637 (proleg.
1079 3569 1156 3635 pag.
1171 3548 1273 3632 VHI).

316 3839 351 3908 ⁷4)
371 3840 407 3895 ef.
427 3843 527 3895 Revue
547 3841 583 3894 de
603 3842 765 3909 philologio
785 3846 856 3892 tom.
876 3840 898 3905 Ι,
918 3854 982 3905 pag.
1003 3835 1052 3889 69:
1077 3835 1157 3887 ‘lisez
1177 3837 1278 3900 φυγεῖν

210 3931 238 3980 et
259 3945 411 3996 compares
434 3932 494 3986 fab.
515 3930 584 3998 69,ι”)
614 3933 745 3998 ἁρπάσαι
773 3927 914 3991 oneroso,
943 3925 1002 3992 113,
1017 3926 1033 3977 3
1062 3922 1277 3988 σπεύδεις...

210 4021 309 4083 σῶσαι,
329 4018 416 4086 112,2
437 4020 608 4089 φθάσαντος
627 4021 744 4087 φυγεῖν,
763 4017 816 4070 ubi
835 4016 973 4068 similiter
991 4013 1161 4066 infinitivus
1176 4009 1277 4063 aoristi

211 4123 263 4173 pro
282 4112 448 4176 praesentis
466 4117 626 4180 usurpatus
645 4111 765 4176 legitur3
786 4107 824 4160 ol.
843 4107 935 4158 etiam
953 4103 1060 4157 Eberh.
1081 4103 1143 4154 obs
1157 4116 1222 4168 pag.
1235 4098 1278 4152 15.
