2924 4786
637 290 815 354 --95-

193 495 239 537 au
263 471 320 536 illa
350 470 393 535 de
418 469 544 535 Babrio
569 457 754 541 mulierum
779 489 878 532 osorc
901 489 963 553 per
986 468 1134 534 ironiam
1171 466 1263 532 dicta

194 578 496 664 pronuntiavisset.
523 575 592 641 Sed
604 575 840 659 cogitantibus
852 575 955 639 nobis
968 581 1159 639 extremam
1172 574 1264 639 hanc

194 684 349 750 tabulam
374 683 626 749 adiasceuasta
651 681 807 766 quodam
831 690 991 748 vexatam
1016 702 1101 758 esse,
1127 681 1265 766 quade

195 814 230 856 re
257 791 362 857 modo
390 788 502 855 fusius
533 788 769 867 disseruimus
811 787 960 854 dubium
992 788 1139 866 ridetur,
1179 810 1264 853 num

195 898 423 984 cpimythium
450 896 577 962 Babrio
601 894 827 961 tribuendum
854 895 906 959 sit.

196 1004 272 1070 lab..
288 1004 340 1097 34.

199 1112 327 1178 Rustici
361 1119 503 1175 taurum
540 1110 656 1175 Cereri
691 1108 947 1174 sacrificabant:
984 1111 1022 1173 in
1052 1109 1157 1193 epulo
1181 1132 1268 1195 puer

198 1220 282 1284 extis
317 1239 352 1283 se
388 1216 492 1282 nimis
526 1217 741 1303 impleverat,
778 1224 817 1281 ut
845 1237 948 1299 aegro
972 1224 1092 1280 reutre
1121 1216 1265 1281 domum

199 1325 329 1390 rediret.
392 1324 497 1389 Domi
536 1325 657 1390 matris
697 1324 788 1388 ulnis
825 1321 1002 1388 incidebat
1044 1328 1078 1386 et
1118 1322 1160 1386 de
1196 1325 1266 1388 rita

201 1430 414 1518 desperabat.
460 1430 524 1509 En,
542 1431 667 1515 inquit,
684 1432 815 1495 uiscera
831 1429 917 1494 mihi
934 1427 1120 1515 procidunt
1137 1431 1263 1494 omnia.

200 1539 262 1603 eui
284 1545 410 1604 mater:
435 1538 506 1602 imo
530 1538 646 1622 proice
671 1537 844 1613 audacter,
869 1558 942 1601 non
958 1543 1020 1601 tua
1037 1542 1119 1601 sunt¹
1135 1536 1265 1600 risccra

200 1644 259 1709 sed
282 1645 395 1710 bovis!

204 1751 274 1817 Hoc
298 1750 529 1836 epimythium
546 1751 590 1814 in
614 1750 687 1814 cod.
714 1749 752 1814 A.
777 1750 919 1833 legitur:

202 1857 317 1925 3412.
355 1857 438 1923 ὅταν
462 1857 618 1940 ὀρφανοῦ
643 1876 693 1938 τις
717 1857 836 1922 οὐσίαν
861 1857 1045 1937 ἀναλώσας

355 1963 471 2029 ἔπειτα
495 1965 624 2046 ταύτην
647 1964 789 2028 ἐκτίνων
813 1962 1004 2048 ἀποιμώζῃ,

355 2070 443 2154 πρὸς
466 2075 589 2136 τοῦτον
613 2068 655 2134 ἄν
679 2090 729 2152 τις
751 2072 971 2153 καταχρέοιτο
996 2073 1044 2151 τῷ
1068 2069 1185 2152 μύθῳ.

204 2178 343 2262 legenti
366 2187 443 2264 post
467 2177 561 2243 illam
583 2175 738 2241 fabulam
756 2176 822 2241 hoc
846 2177 1087 2262 epimpthium,
1107 2175 1203 2261 quod
1219 2176 1264 2240 ad

201 2307 280 2351 cum
304 2284 418 2350 solum
443 2284 589 2349 relatum
615 2294 675 2361 cst,
702 2284 762 2369 qui
777 2282 902 2370 pupilli
917 2284 1168 2369 patrimonium
1185 2302 1263 2347 con-

202 2393 395 2479 sumpserit.
410 2391 509 2457 valde.
535 2392 659 2455 mirum
674 2391 832 2456 rideatur
848 2412 987 2457 necesse
1004 2396 1056 2455 est
1070 2390 1263 2455 insolitum·

202 2520 277 2582 que.
324 2499 412 2563 Nam
450 2507 488 2564 ut
523 2498 704 2563 commode
739 2497 859 2563 fabula
894 2498 1028 2562 (licetur
1056 2495 1098 2561 de
1123 2497 1264 2561 homine

201 2603 368 2689 alienaffif‘)
393 2605 485 2672 bona
510 2604 714 2672 conficiente
738 2644 782 2651 -
805 2612 895 2669 recte
919 2605 1023 2687 igitur
1038 2603 1264 2689 paraphrasta

202 2713 359 2777 universo
387 2710 542 2778 tabulam
567 2712 699 2779 rettulit
724 2711 768 2776 ad
791 2711 971 2776 hominem
995 2712 1182 2795 pecuniam
1206 2709 1263 2774 ali·

201 2819 265 2885 cui.
301 2838 373 2883 non
409 2820 541 2906 pupillo
578 2819 641 2884 soli
677 2817 862 2883 (lebentem
898 2816 998 2899 (πρὸς
1026 2816 1134 2898 dorico
1160 2838 1264 2899 χρεω-

201 2924 427 3009 φειλέτην)166)
462 2966 505 2973 —
541 2926 627 3010 quid
662 2933 880 2990 momentum
913 2925 995 2991 insit
1019 2922 1168 3001 fabulae,
1194 2944 1265 3010 quo

203 3029 345 3097 Babrius
388 3040 583 3098 commotus
623 3040 777 3119 spectare
813 3033 1042 3120 cpirnytlrium
1080 3032 1125 3097 ad
1161 3032 1265 3096 unius

200 3137 321 3224 pupilli
356 3138 528 3205 bonorum
561 3139 800 3204 devoratorem
824 3140 980 3215 volucrit,
1006 3141 1169 3224 crqmdem
1194 3158 1265 3202 non

201 3244 309 3310 rideo
368 3245 413 3311 Ar.
450 3246 533 3310 vidit
560 3245 690 3323 Menas,
727 3247 789 3329 qui
822 3247 993 3330 probante.
1022 3243 1264 3310 Boissouadio:

200 3351 257 3415 ‘be
280 3356 404 3437 poete.
430 3354 553 3437 inquit,
580 3353 700 3438 ‘parsit
725 3353 821 3416 aroir
844 3351 989 3418 souffcrt
1013 3352 1055 3416 dc
1080 3360 1113 3417 la
1129 3358 1203 3435 part
1222 3347 1266 3411 de.

200 3477 263 3522 sou
299 3462 458 3525 maurais
493 3467 619 3524 tutcur.
679 3459 886 3525 Autrement
922 3460 944 3524 il
980 3482 1024 3523 uc
1060 3458 1173 3523 ‹lerait
1204 3476 1267 3541 pas

200 3565 400 3631 restraindm
436 3566 536 3631 l'idee
573 3567 615 3631 <le
651 3566 684 3630 la
713 3564 803 3630 lablc
840 3565 928 3632 <lans
963 3573 1051 3630 cetto
1087 3563 1181 3627 seule
1207 3562 1266 3626 cir-

305 3759 349 3817 ¹⁶⁶)
369 3763 412 3815 sic
433 3766 462 3815 in
494 3767 604 3817 tetrast.
630 3763 719 3814 iarnb.
739 3762 774 3812 28
793 3763 900 3825 llius)
929 3760 1094 3826 epinrrtlrio
1124 3758 1267 3826 pedestri:

199 3847 338 3916 ἀλλότρια
364 3852 406 3917 μὴ
440 3851 537 3916 riardo:
566 3853 724 3906 ixrrrm'urr
751 3858 782 3902 et
813 3850 950 3903 similiter
983 3849 1061 3916 apud
1094 3845 1267 3899 l'oraesium

200 3953 260 4001 pag.
283 3938 341 3992 174.

304 4025 349 4095 ¹⁸⁸)
368 4030 404 4083 ct.
426 4029 523 4082 llalnr.
544 4029 604 4084 fab.
625 4029 692 4083 2348:
713 4028 852 4081 similiter
873 4029 1048 4082 Plutarchus
1069 4027 1169 4080 fabulo
1198 4041 1268 4076 ustr-¹

197 4125 238 4166 cst
261 4117 289 4168 iu
311 4114 356 4168 ‘de
376 4120 427 4173 vlt.
449 4118 516 4170 acu*
536 4121 553 4169 8
573 4135 638 4186 pag.
658 4117 753 4170 8310.
