<?xml version="1.0" encoding="UTF-8"?>
<!DOCTYPE html PUBLIC "-//W3C//DTD XHTML 1.0 Transitional//EN"
    "http://www.w3.org/TR/xhtml1/DTD/xhtml1-transitional.dtd">
<html xmlns="http://www.w3.org/1999/xhtml" xml:lang="en" lang="en">
 <head>
  <title>
</title>
<meta http-equiv="Content-Type" content="text/html;charset=utf-8" />
  <meta name='ocr-system' content='tesseract 3.04.00' />
  <meta name='ocr-capabilities' content='ocr_page ocr_carea ocr_par ocr_line ocrx_word'/>
</head>
<body>
  <div class='ocr_page' id='page_1' title='image "./deindoleatqueau00hohmgoog_0046.png"; bbox 0 0 2924 4786; ppageno 0'>
   <div class='ocr_carea' id='block_1_1' title="bbox 638 248 816 311">
    <p class='ocr_par' dir='ltr' id='par_1_1' title="bbox 638 248 816 311">
     <span class='ocr_line' id='line_1_1' title="bbox 638 248 816 311; baseline 0.034 -5"><span class='ocrx_word' id='word_1_1' title='bbox 638 248 816 311; x_wconf 79' lang='lat'><strong>-37—</strong></span> 
     </span>
    </p>
   </div>
   <div class='ocr_carea' id='block_1_2' title="bbox 194 424 1264 2415">
    <p class='ocr_par' dir='ltr' id='par_1_2' title="bbox 194 424 1264 2415">
     <span class='ocr_line' id='line_1_2' title="bbox 196 424 1261 511; baseline 0.002 -23"><span class='ocrx_word' id='word_1_2' title='bbox 196 425 306 490; x_wconf 88' lang='lat' dir='ltr'>undto</span> <span class='ocrx_word' id='word_1_3' title='bbox 332 425 437 489; x_wconf 84' lang='lat' dir='ltr'>etiam</span> <span class='ocrx_word' id='word_1_4' title='bbox 461 425 579 489; x_wconf 86' lang='lat' dir='ltr'>minus</span> <span class='ocrx_word' id='word_1_5' title='bbox 603 424 792 510; x_wconf 82' lang='lat' dir='ltr'>probabilis</span> <span class='ocrx_word' id='word_1_6' title='bbox 815 424 901 489; x_wconf 85' lang='lat' dir='ltr'>milri</span> <span class='ocrx_word' id='word_1_7' title='bbox 918 424 1055 491; x_wconf 81' lang='lat' dir='ltr'>ridetur</span> <span class='ocrx_word' id='word_1_8' title='bbox 1071 446 1177 511; x_wconf 89' lang='lat' dir='ltr'>quam</span> <span class='ocrx_word' id='word_1_9' title='bbox 1193 426 1261 505; x_wconf 80' lang='lat' dir='ltr'>iila,</span> 
     </span>
     <span class='ocr_line' id='line_1_3' title="bbox 194 531 1262 617; baseline 0.004 -25"><span class='ocrx_word' id='word_1_10' title='bbox 194 532 236 596; x_wconf 86' lang='lat' dir='ltr'>de</span> <span class='ocrx_word' id='word_1_11' title='bbox 261 554 332 616; x_wconf 76' lang='lat' dir='ltr'>qua</span> <span class='ocrx_word' id='word_1_12' title='bbox 357 531 462 597; x_wconf 90' lang='lat' dir='ltr'>modo</span> <span class='ocrx_word' id='word_1_13' title='bbox 488 531 648 597; x_wconf 87' lang='lat' dir='ltr'>diximus.</span> <span class='ocrx_word' id='word_1_14' title='bbox 708 531 874 597; x_wconf 87' lang='lat' dir='ltr'>Babrium</span> <span class='ocrx_word' id='word_1_15' title='bbox 910 533 1003 597; x_wconf 87' lang='lat' dir='ltr'>enim</span> <span class='ocrx_word' id='word_1_16' title='bbox 1027 533 1196 617; x_wconf 84' lang='lat' dir='ltr'>imprimis</span> <span class='ocrx_word' id='word_1_17' title='bbox 1225 533 1262 596; x_wconf 92' lang='lat' dir='ltr'>iu</span> 
     </span>
     <span class='ocr_line' id='line_1_4' title="bbox 197 637 1261 704; baseline -0.001 -1"><span class='ocrx_word' id='word_1_18' title='bbox 197 639 336 704; x_wconf 80' lang='lat' dir='ltr'>iiornen&#39;</span> <span class='ocrx_word' id='word_1_19' title='bbox 363 639 578 704; x_wconf 77' lang='lat' dir='ltr'>carminibus</span> <span class='ocrx_word' id='word_1_20' title='bbox 601 638 752 703; x_wconf 87' lang='lat' dir='ltr'>multum</span> <span class='ocrx_word' id='word_1_21' title='bbox 776 649 950 704; x_wconf 80' lang='lat' dir='ltr'>versatum</span> <span class='ocrx_word' id='word_1_22' title='bbox 987 637 1115 703; x_wconf 80' lang='lat' dir='ltr'>fabulis</span> <span class='ocrx_word' id='word_1_23' title='bbox 1151 638 1261 703; x_wconf 89' lang='lat' dir='ltr'>elocu-</span> 
     </span>
     <span class='ocr_line' id='line_1_5' title="bbox 194 745 1262 831; baseline 0 -21"><span class='ocrx_word' id='word_1_24' title='bbox 194 748 315 815; x_wconf 80' lang='lat' dir='ltr'>tiones.</span> <span class='ocrx_word' id='word_1_25' title='bbox 341 746 626 825; x_wconf 85' lang='lat' dir='ltr'>constructiones,</span> <span class='ocrx_word' id='word_1_26' title='bbox 651 745 756 810; x_wconf 86' lang='lat' dir='ltr'>verba</span> <span class='ocrx_word' id='word_1_27' title='bbox 779 745 965 810; x_wconf 89' lang='lat' dir='ltr'>Homerica</span> <span class='ocrx_word' id='word_1_28' title='bbox 990 746 1189 831; x_wconf 80' lang='lat' dir='ltr'>saepissime</span> <span class='ocrx_word' id='word_1_29' title='bbox 1211 747 1262 810; x_wconf 92' lang='lat' dir='ltr'>in-</span> 
     </span>
     <span class='ocr_line' id='line_1_6' title="bbox 194 852 1263 937; baseline 0.004 -23"><span class='ocrx_word' id='word_1_30' title='bbox 194 854 341 918; x_wconf 80' lang='lat' dir='ltr'>seruisse</span> <span class='ocrx_word' id='word_1_31' title='bbox 378 852 498 919; x_wconf 84' lang='lat' dir='ltr'>multis</span> <span class='ocrx_word' id='word_1_32' title='bbox 534 853 646 918; x_wconf 90' lang='lat' dir='ltr'>allatis</span> <span class='ocrx_word' id='word_1_33' title='bbox 681 852 847 937; x_wconf 89' lang='lat' dir='ltr'>exemplis</span> <span class='ocrx_word' id='word_1_34' title='bbox 882 852 1110 917; x_wconf 87' lang='lat' dir='ltr'>Zachariaeus</span> <span class='ocrx_word' id='word_1_35' title='bbox 1145 853 1263 918; x_wconf 90' lang='lat' dir='ltr'>docuit</span> 
     </span>
     <span class='ocr_line' id='line_1_7' title="bbox 195 957 1262 1044; baseline 0 -21"><span class='ocrx_word' id='word_1_36' title='bbox 195 957 249 1032; x_wconf 73' lang='lat' dir='ltr'>(cf.</span> <span class='ocrx_word' id='word_1_37' title='bbox 276 959 318 1024; x_wconf 86' lang='lat' dir='ltr'>de</span> <span class='ocrx_word' id='word_1_38' title='bbox 343 959 496 1025; x_wconf 75' lang='lat' dir='ltr'>dictione</span> <span class='ocrx_word' id='word_1_39' title='bbox 520 959 695 1025; x_wconf 81' lang='lat' dir='ltr'>Babriana</span> <span class='ocrx_word' id='word_1_40' title='bbox 719 958 886 1025; x_wconf 89' lang='lat' dir='ltr'>dissertat.</span> <span class='ocrx_word' id='word_1_41' title='bbox 905 981 982 1044; x_wconf 89' lang='lat' dir='ltr'>pag.</span> <span class='ocrx_word' id='word_1_42' title='bbox 1000 960 1034 1043; x_wconf 79' lang='lat'>4)</span> <span class='ocrx_word' id='word_1_43' title='bbox 1059 968 1165 1044; x_wconf 92' lang='lat' dir='ltr'>atque</span> <span class='ocrx_word' id='word_1_44' title='bbox 1188 960 1262 1044; x_wconf 90' lang='lat' dir='ltr'>ipse</span> 
     </span>
     <span class='ocr_line' id='line_1_8' title="bbox 194 1066 1263 1152; baseline 0.002 -24"><span class='ocrx_word' id='word_1_45' title='bbox 194 1068 335 1132; x_wconf 81' lang='lat' dir='ltr'>t&#39;rusius</span> <span class='ocrx_word' id='word_1_46' title='bbox 366 1067 537 1132; x_wconf 81' lang='lat' dir='ltr'>concessit</span> <span class='ocrx_word' id='word_1_47' title='bbox 572 1066 712 1152; x_wconf 85' lang='lat' dir='ltr'>(proleg.</span> <span class='ocrx_word' id='word_1_48' title='bbox 738 1087 814 1152; x_wconf 91' lang='lat' dir='ltr'>pag.</span> <span class='ocrx_word' id='word_1_49' title='bbox 841 1066 982 1149; x_wconf 87' lang='lat' dir='ltr'>XXXI).</span> <span class='ocrx_word' id='word_1_50' title='bbox 1043 1066 1136 1148; x_wconf 78' lang='lat' dir='ltr'>Quid</span> <span class='ocrx_word' id='word_1_51' title='bbox 1158 1067 1263 1150; x_wconf 85' lang='lat' dir='ltr'>igitur</span> 
     </span>
     <span class='ocr_line' id='line_1_9' title="bbox 194 1172 1263 1255; baseline 0.002 -20"><span class='ocrx_word' id='word_1_52' title='bbox 194 1184 254 1245; x_wconf 76' lang='lat' dir='ltr'>cst.</span> <span class='ocrx_word' id='word_1_53' title='bbox 291 1196 352 1238; x_wconf 89' lang='lat' dir='ltr'>cur</span> <span class='ocrx_word' id='word_1_54' title='bbox 386 1195 508 1239; x_wconf 87' lang='lat' dir='ltr'>vocem</span> <span class='ocrx_word' id='word_1_55' title='bbox 543 1172 638 1239; x_wconf 89' lang='lat' dir='ltr'>illam</span> <span class='ocrx_word' id='word_1_56' title='bbox 669 1173 824 1238; x_wconf 85' lang='lat' dir='ltr'>Homero</span> <span class='ocrx_word' id='word_1_57' title='bbox 860 1174 1120 1239; x_wconf 78' lang='lat' dir='ltr'>usitatissimam</span> <span class='ocrx_word' id='word_1_58' title='bbox 1157 1172 1263 1255; x_wconf 80' lang='grc' dir='ltr'><strong><em>ῥέζειν</em></strong></span> 
     </span>
     <span class='ocr_line' id='line_1_10' title="bbox 196 1279 1262 1364; baseline 0.001 -22"><span class='ocrx_word' id='word_1_59' title='bbox 196 1299 255 1364; x_wconf 86' lang='lat' dir='ltr'>pro</span> <span class='ocrx_word' id='word_1_60' title='bbox 290 1282 461 1361; x_wconf 75' lang='grc' dir='ltr'><strong><em>πράττειν,</em></strong></span> <span class='ocrx_word' id='word_1_61' title='bbox 498 1287 610 1346; x_wconf 77' lang='grc' dir='ltr'><strong><em>ποιεῖν</em></strong></span> <span class='ocrx_word' id='word_1_62' title='bbox 640 1279 787 1345; x_wconf 89' lang='lat' dir='ltr'>Babrius</span> <span class='ocrx_word' id='word_1_63' title='bbox 821 1280 966 1345; x_wconf 88' lang='lat' dir='ltr'>Homeri</span> <span class='ocrx_word' id='word_1_64' title='bbox 1000 1281 1153 1345; x_wconf 90' lang='lat' dir='ltr'>imitator</span> <span class='ocrx_word' id='word_1_65' title='bbox 1189 1300 1262 1344; x_wconf 91' lang='lat' dir='ltr'>non</span> 
     </span>
     <span class='ocr_line' id='line_1_11' title="bbox 195 1385 1263 1472; baseline -0.001 -21"><span class='ocrx_word' id='word_1_66' title='bbox 195 1386 416 1453; x_wconf 71' lang='lat' dir='ltr'>adhibuerit?</span> <span class='ocrx_word' id='word_1_67' title='bbox 441 1387 651 1471; x_wconf 77' lang='lat' dir='ltr'>Georgidam</span> <span class='ocrx_word' id='word_1_68' title='bbox 667 1407 749 1453; x_wconf 85' lang='lat' dir='ltr'>vero</span> <span class='ocrx_word' id='word_1_69' title='bbox 765 1388 803 1451; x_wconf 90' lang='lat' dir='ltr'>in</span> <span class='ocrx_word' id='word_1_70' title='bbox 819 1385 1033 1470; x_wconf 86' lang='lat' dir='ltr'>gnornologii</span> <span class='ocrx_word' id='word_1_71' title='bbox 1049 1385 1107 1451; x_wconf 86' lang='lat' dir='ltr'>lib.</span> <span class='ocrx_word' id='word_1_72' title='bbox 1122 1387 1226 1472; x_wconf 92' lang='lat' dir='ltr'>Ipag.</span> <span class='ocrx_word' id='word_1_73' title='bbox 1242 1387 1263 1450; x_wconf 85' lang='grc'>9</span> 
     </span>
     <span class='ocr_line' id='line_1_12' title="bbox 196 1493 1262 1580; baseline 0.002 -23"><span class='ocrx_word' id='word_1_74' title='bbox 196 1516 266 1558; x_wconf 89' lang='lat' dir='ltr'>non</span> <span class='ocrx_word' id='word_1_75' title='bbox 289 1496 453 1576; x_wconf 75' lang='grc' dir='ltr'><strong><em>πράττων</em></strong></span> <span class='ocrx_word' id='word_1_76' title='bbox 476 1493 650 1580; x_wconf 88' lang='lat' dir='ltr'>praebere,</span> <span class='ocrx_word' id='word_1_77' title='bbox 687 1494 722 1558; x_wconf 89' lang='lat' dir='ltr'>id</span> <span class='ocrx_word' id='word_1_78' title='bbox 736 1493 842 1578; x_wconf 90' lang='lat' dir='ltr'>·quod</span> <span class='ocrx_word' id='word_1_79' title='bbox 867 1493 1009 1558; x_wconf 84' lang='lat' dir='ltr'>Crusius</span> <span class='ocrx_word' id='word_1_80' title='bbox 1032 1494 1070 1557; x_wconf 89' lang='lat' dir='ltr'>in</span> <span class='ocrx_word' id='word_1_81' title='bbox 1093 1502 1262 1579; x_wconf 90' lang='lat' dir='ltr'>apparatu</span> 
     </span>
     <span class='ocr_line' id='line_1_13' title="bbox 196 1598 1261 1687; baseline 0.001 -24"><span class='ocrx_word' id='word_1_82' title='bbox 196 1602 310 1666; x_wconf 83' lang='lat' dir='ltr'>critico</span> <span class='ocrx_word' id='word_1_83' title='bbox 350 1601 394 1666; x_wconf 92' lang='lat' dir='ltr'>ad</span> <span class='ocrx_word' id='word_1_84' title='bbox 434 1622 533 1666; x_wconf 86' lang='lat' dir='ltr'>suam</span> <span class='ocrx_word' id='word_1_85' title='bbox 572 1602 683 1687; x_wconf 88' lang='lat' dir='ltr'>ipsius</span> <span class='ocrx_word' id='word_1_86' title='bbox 729 1602 937 1667; x_wconf 87' lang='lat' dir='ltr'>sententiam</span> <span class='ocrx_word' id='word_1_87' title='bbox 985 1598 1261 1665; x_wconf 82' lang='lat' dir='ltr'>confirmandam</span> 
     </span>
     <span class='ocr_line' id='line_1_14' title="bbox 195 1706 1262 1789; baseline 0 -18"><span class='ocrx_word' id='word_1_88' title='bbox 195 1709 385 1785; x_wconf 81' lang='lat' dir='ltr'>annotarit,</span> <span class='ocrx_word' id='word_1_89' title='bbox 412 1708 472 1772; x_wconf 87' lang='lat' dir='ltr'>scd</span> <span class='ocrx_word' id='word_1_90' title='bbox 496 1707 645 1772; x_wconf 89' lang='lat' dir='ltr'>eandem</span> <span class='ocrx_word' id='word_1_91' title='bbox 670 1708 744 1773; x_wconf 91' lang='lat' dir='ltr'>cod.</span> <span class='ocrx_word' id='word_1_92' title='bbox 770 1708 809 1772; x_wconf 88' lang='lat' dir='ltr'>A.</span> <span class='ocrx_word' id='word_1_93' title='bbox 835 1708 1019 1773; x_wconf 89' lang='lat' dir='ltr'>lectionem</span> <span class='ocrx_word' id='word_1_94' title='bbox 1050 1706 1158 1789; x_wconf 81' lang='grc' dir='ltr'><em>ῥέζων</em></span> <span class='ocrx_word' id='word_1_95' title='bbox 1181 1706 1262 1772; x_wconf 90' lang='lat' dir='ltr'>Cru-</span> 
     </span>
     <span class='ocr_line' id='line_1_15' title="bbox 195 1812 1263 1901; baseline 0.003 -25"><span class='ocrx_word' id='word_1_96' title='bbox 195 1815 266 1878; x_wconf 80' lang='lat' dir='ltr'>sius</span> <span class='ocrx_word' id='word_1_97' title='bbox 290 1824 410 1899; x_wconf 89' lang='lat' dir='ltr'>postea</span> <span class='ocrx_word' id='word_1_98' title='bbox 436 1813 528 1890; x_wconf 86' lang='lat' dir='ltr'>(edit.</span> <span class='ocrx_word' id='word_1_99' title='bbox 554 1835 631 1899; x_wconf 90' lang='lat' dir='ltr'>pag.</span> <span class='ocrx_word' id='word_1_100' title='bbox 656 1815 735 1898; x_wconf 87' lang='grc'><strong>436)</strong></span> <span class='ocrx_word' id='word_1_101' title='bbox 758 1812 935 1901; x_wconf 85' lang='lat' dir='ltr'>professus</span> <span class='ocrx_word' id='word_1_102' title='bbox 970 1822 1030 1879; x_wconf 88' lang='lat' dir='ltr'>est.</span> <span class='ocrx_word' id='word_1_103' title='bbox 1090 1814 1263 1898; x_wconf 80' lang='lat' dir='ltr'>Cogitanti</span> 
     </span>
     <span class='ocr_line' id='line_1_16' title="bbox 197 1906 1264 2006; baseline 0.001 -22"><span class='ocrx_word' id='word_1_104' title='bbox 197 1922 300 2001; x_wconf 86' lang='lat' dir='ltr'>igitur</span> <span class='ocrx_word' id='word_1_105' title='bbox 322 1920 386 1985; x_wconf 88' lang='lat' dir='ltr'>tibi</span> <span class='ocrx_word' id='word_1_106' title='bbox 410 1920 476 1985; x_wconf 90' lang='lat' dir='ltr'>hoc</span> <span class='ocrx_word' id='word_1_107' title='bbox 502 1922 733 2006; x_wconf 76' lang='lat' dir='ltr'>epimythium</span> <span class='ocrx_word' id='word_1_108' title='bbox 758 1922 855 1986; x_wconf 91' lang='lat' dir='ltr'>omni</span> <span class='ocrx_word' id='word_1_109' title='bbox 872 1929 906 1985; x_wconf 91' lang='lat' dir='ltr'>et</span> <span class='ocrx_word' id='word_1_110' title='bbox 922 1922 1022 1985; x_wconf 86' lang='lat' dir='ltr'>metri</span> <span class='ocrx_word' id='word_1_111' title='bbox 1046 1929 1080 1986; x_wconf 89' lang='lat' dir='ltr'>et</span> <span class='ocrx_word' id='word_1_112' title='bbox 1096 1906 1264 1986; x_wconf 84' lang='lat' dir='ltr'>sermonis</span> 
     </span>
     <span class='ocr_line' id='line_1_17' title="bbox 196 2025 1262 2113; baseline 0.002 -23"><span class='ocrx_word' id='word_1_113' title='bbox 196 2028 278 2092; x_wconf 81' lang='lat' dir='ltr'>vitio</span> <span class='ocrx_word' id='word_1_114' title='bbox 303 2048 425 2104; x_wconf 75' lang='lat' dir='ltr'>carere,</span> <span class='ocrx_word' id='word_1_115' title='bbox 451 2029 587 2111; x_wconf 89' lang='lat' dir='ltr'>egregio</span> <span class='ocrx_word' id='word_1_116' title='bbox 611 2028 766 2113; x_wconf 90' lang='lat' dir='ltr'>quodam</span> <span class='ocrx_word' id='word_1_117' title='bbox 782 2027 888 2093; x_wconf 89' lang='lat' dir='ltr'>modo</span> <span class='ocrx_word' id='word_1_118' title='bbox 904 2029 941 2092; x_wconf 91' lang='lat' dir='ltr'>in</span> <span class='ocrx_word' id='word_1_119' title='bbox 959 2025 1114 2093; x_wconf 77' lang='lat' dir='ltr'>fabulam</span> <span class='ocrx_word' id='word_1_120' title='bbox 1132 2028 1262 2108; x_wconf 82' lang='lat' dir='ltr'>cadere,</span> 
     </span>
     <span class='ocr_line' id='line_1_18' title="bbox 195 2132 1262 2220; baseline 0.001 -22"><span class='ocrx_word' id='word_1_121' title='bbox 195 2135 375 2200; x_wconf 68' lang='lat' dir='ltr'>&#39;themistii</span> <span class='ocrx_word' id='word_1_122' title='bbox 398 2136 468 2199; x_wconf 89' lang='lat' dir='ltr'>iam</span> <span class='ocrx_word' id='word_1_123' title='bbox 493 2142 605 2200; x_wconf 87' lang='lat' dir='ltr'>aetate</span> <span class='ocrx_word' id='word_1_124' title='bbox 629 2132 736 2200; x_wconf 84' lang='lat' dir='ltr'>fuisse</span> <span class='ocrx_word' id='word_1_125' title='bbox 760 2134 816 2218; x_wconf 90' lang='lat' dir='ltr'>(de</span> <span class='ocrx_word' id='word_1_126' title='bbox 840 2156 911 2219; x_wconf 89' lang='lat' dir='ltr'>qua</span> <span class='ocrx_word' id='word_1_127' title='bbox 934 2132 1262 2220; x_wconf 81' lang='lat' dir='ltr'>1·econieras‚quae</span> 
     </span>
     <span class='ocr_line' id='line_1_19' title="bbox 195 2241 1262 2327; baseline 0.002 -23"><span class='ocrx_word' id='word_1_128' title='bbox 195 2264 299 2327; x_wconf 81' lang='lat' dir='ltr'>supra</span> <span class='ocrx_word' id='word_1_129' title='bbox 322 2263 399 2327; x_wconf 86' lang='lat' dir='ltr'>pag.</span> <span class='ocrx_word' id='word_1_130' title='bbox 419 2242 460 2306; x_wconf 86' lang='lat'>10</span> <span class='ocrx_word' id='word_1_131' title='bbox 485 2242 649 2325; x_wconf 81' lang='lat' dir='ltr'>diximus)</span> <span class='ocrx_word' id='word_1_132' title='bbox 676 2241 800 2307; x_wconf 88' lang='lat' dir='ltr'>Babrio</span> <span class='ocrx_word' id='word_1_133' title='bbox 823 2242 930 2307; x_wconf 86' lang='lat' dir='ltr'>tribui</span> <span class='ocrx_word' id='word_1_134' title='bbox 953 2262 1054 2327; x_wconf 90' lang='lat' dir='ltr'>posse</span> <span class='ocrx_word' id='word_1_135' title='bbox 1072 2242 1262 2307; x_wconf 89' lang='lat' dir='ltr'>conceden-</span> 
     </span>
     <span class='ocr_line' id='line_1_20' title="bbox 196 2350 377 2415; baseline 0.011 -3"><span class='ocrx_word' id='word_1_136' title='bbox 196 2350 279 2415; x_wconf 90' lang='lat' dir='ltr'>dum</span> <span class='ocrx_word' id='word_1_137' title='bbox 305 2351 377 2414; x_wconf 89' lang='lat' dir='ltr'>crit.</span> 
     </span>
    </p>
   </div>
   <div class='ocr_carea' id='block_1_3' title="bbox 195 2474 340 2538">
    <p class='ocr_par' dir='ltr' id='par_1_3' title="bbox 195 2474 340 2538">
     <span class='ocr_line' id='line_1_21' title="bbox 195 2474 340 2538; baseline 0 0"><span class='ocrx_word' id='word_1_138' title='bbox 195 2474 262 2538; x_wconf 84' lang='lat' dir='ltr'>t&#39;ab.</span> <span class='ocrx_word' id='word_1_139' title='bbox 289 2476 340 2538; x_wconf 86' lang='grc'>21.</span> 
     </span>
    </p>
   </div>
   <div class='ocr_carea' id='block_1_4' title="bbox 196 2599 1262 3110">
    <p class='ocr_par' dir='ltr' id='par_1_4' title="bbox 196 2599 1262 3110">
     <span class='ocr_line' id='line_1_22' title="bbox 196 2599 1261 2685; baseline -0.002 -21"><span class='ocrx_word' id='word_1_140' title='bbox 196 2599 317 2665; x_wconf 79' lang='lat' dir='ltr'>&#39;Boves</span> <span class='ocrx_word' id='word_1_141' title='bbox 340 2599 452 2664; x_wconf 85' lang='lat' dir='ltr'>lanios</span> <span class='ocrx_word' id='word_1_142' title='bbox 477 2607 598 2685; x_wconf 88' lang='lat' dir='ltr'>utpote</span> <span class='ocrx_word' id='word_1_143' title='bbox 629 2600 746 2666; x_wconf 89' lang='lat' dir='ltr'>hostes</span> <span class='ocrx_word' id='word_1_144' title='bbox 776 2602 860 2685; x_wconf 90' lang='lat' dir='ltr'>ipsis</span> <span class='ocrx_word' id='word_1_145' title='bbox 896 2599 1051 2665; x_wconf 89' lang='lat' dir='ltr'>occidere</span> <span class='ocrx_word' id='word_1_146' title='bbox 1083 2618 1261 2682; x_wconf 86' lang='lat' dir='ltr'>aggressos</span> 
     </span>
     <span class='ocr_line' id='line_1_23' title="bbox 197 2703 1260 2781; baseline -0.001 -13"><span class='ocrx_word' id='word_1_147' title='bbox 197 2729 302 2772; x_wconf 74' lang='lat' dir='ltr'>senex</span> <span class='ocrx_word' id='word_1_148' title='bbox 327 2707 390 2771; x_wconf 86' lang='lat' dir='ltr'>bos</span> <span class='ocrx_word' id='word_1_149' title='bbox 414 2713 533 2771; x_wconf 84' lang='lat' dir='ltr'>monet</span> <span class='ocrx_word' id='word_1_150' title='bbox 569 2707 672 2771; x_wconf 84' lang='lat' dir='ltr'>ctiam</span> <span class='ocrx_word' id='word_1_151' title='bbox 699 2708 820 2772; x_wconf 90' lang='lat' dir='ltr'>occisis</span> <span class='ocrx_word' id='word_1_152' title='bbox 842 2706 944 2771; x_wconf 85' lang='lat' dir='ltr'>laniis</span> <span class='ocrx_word' id='word_1_153' title='bbox 967 2726 1040 2770; x_wconf 91' lang='lat' dir='ltr'>non</span> <span class='ocrx_word' id='word_1_154' title='bbox 1070 2703 1260 2781; x_wconf 79' lang='lat' dir='ltr'>defuturos,</span> 
     </span>
     <span class='ocr_line' id='line_1_24' title="bbox 197 2802 1262 2900; baseline -0.002 -23"><span class='ocrx_word' id='word_1_155' title='bbox 197 2815 256 2896; x_wconf 79' lang='lat' dir='ltr'>qui</span> <span class='ocrx_word' id='word_1_156' title='bbox 297 2816 391 2900; x_wconf 90' lang='lat' dir='ltr'>ipsos</span> <span class='ocrx_word' id='word_1_157' title='bbox 422 2802 576 2878; x_wconf 86' lang='lat' dir='ltr'>mactent</span> <span class='ocrx_word' id='word_1_158' title='bbox 608 2821 642 2878; x_wconf 89' lang='lat' dir='ltr'>ct</span> <span class='ocrx_word' id='word_1_159' title='bbox 673 2813 718 2878; x_wconf 88' lang='lat' dir='ltr'>ob</span> <span class='ocrx_word' id='word_1_160' title='bbox 757 2814 967 2898; x_wconf 86' lang='lat' dir='ltr'>imperitiam</span> <span class='ocrx_word' id='word_1_161' title='bbox 998 2819 1151 2877; x_wconf 89' lang='lat' dir='ltr'>mactent</span> <span class='ocrx_word' id='word_1_162' title='bbox 1182 2832 1262 2876; x_wconf 93' lang='lat' dir='ltr'>cum</span> 
     </span>
     <span class='ocr_line' id='line_1_25' title="bbox 197 2919 1262 3004; baseline -0.001 -21"><span class='ocrx_word' id='word_1_163' title='bbox 197 2922 362 2986; x_wconf 81' lang='lat' dir='ltr'>crruiatu.</span> <span class='ocrx_word' id='word_1_164' title='bbox 419 2920 634 2985; x_wconf 85' lang='lat' dir='ltr'>Parcendum</span> <span class='ocrx_word' id='word_1_165' title='bbox 670 2921 776 3004; x_wconf 88' lang='lat' dir='ltr'>igitur</span> <span class='ocrx_word' id='word_1_166' title='bbox 798 2919 909 2997; x_wconf 85' lang='lat' dir='ltr'>laniis,</span> <span class='ocrx_word' id='word_1_167' title='bbox 936 2919 995 3004; x_wconf 88' lang='lat' dir='ltr'>qui</span> <span class='ocrx_word' id='word_1_168' title='bbox 1020 2919 1130 3004; x_wconf 90' lang='lat' dir='ltr'>perita</span> <span class='ocrx_word' id='word_1_169' title='bbox 1155 2939 1262 2983; x_wconf 91' lang='lat' dir='ltr'>manu</span> 
     </span>
     <span class='ocr_line' id='line_1_26' title="bbox 198 3027 957 3110; baseline 0.003 -21"><span class='ocrx_word' id='word_1_170' title='bbox 198 3027 351 3092; x_wconf 73' lang='lat' dir='ltr'>&lt;cleriter</span> <span class='ocrx_word' id='word_1_171' title='bbox 374 3049 437 3092; x_wconf 86' lang='lat' dir='ltr'>nec</span> <span class='ocrx_word' id='word_1_172' title='bbox 463 3027 534 3091; x_wconf 82' lang='lat' dir='ltr'>ullo</span> <span class='ocrx_word' id='word_1_173' title='bbox 559 3029 713 3092; x_wconf 85' lang='lat' dir='ltr'>cruciatu</span> <span class='ocrx_word' id='word_1_174' title='bbox 737 3027 805 3091; x_wconf 86' lang='lat' dir='ltr'>hoc</span> <span class='ocrx_word' id='word_1_175' title='bbox 830 3029 957 3110; x_wconf 83' lang='lat' dir='ltr'>agant&#39;</span> 
     </span>
    </p>
   </div>
   <div class='ocr_carea' id='block_1_5' title="bbox 199 3150 1263 3343">
    <p class='ocr_par' dir='ltr' id='par_1_5' title="bbox 199 3150 1263 3343">
     <span class='ocr_line' id='line_1_27' title="bbox 200 3150 1263 3217; baseline -0.001 -2"><span class='ocrx_word' id='word_1_176' title='bbox 200 3150 347 3216; x_wconf 81' lang='lat' dir='ltr'>Fabulae</span> <span class='ocrx_word' id='word_1_177' title='bbox 386 3173 458 3216; x_wconf 88' lang='lat' dir='ltr'>non</span> <span class='ocrx_word' id='word_1_178' title='bbox 488 3151 599 3216; x_wconf 87' lang='lat' dir='ltr'>solum</span> <span class='ocrx_word' id='word_1_179' title='bbox 630 3152 703 3217; x_wconf 90' lang='lat' dir='ltr'>cod.</span> <span class='ocrx_word' id='word_1_180' title='bbox 730 3150 768 3216; x_wconf 77' lang='lat' dir='ltr'>A.</span> <span class='ocrx_word' id='word_1_181' title='bbox 795 3152 982 3216; x_wconf 81' lang='lat' dir='ltr'>sedetiam</span> <span class='ocrx_word' id='word_1_182' title='bbox 1007 3150 1047 3216; x_wconf 87' lang='lat' dir='ltr'>V.</span> <span class='ocrx_word' id='word_1_183' title='bbox 1073 3151 1175 3216; x_wconf 84' lang='lat' dir='ltr'>nobis</span> <span class='ocrx_word' id='word_1_184' title='bbox 1199 3173 1263 3214; x_wconf 81' lang='lat' dir='ltr'>scr·</span> 
     </span>
     <span class='ocr_line' id='line_1_28' title="bbox 199 3257 1143 3343; baseline -0.002 -21"><span class='ocrx_word' id='word_1_185' title='bbox 199 3266 296 3323; x_wconf 80' lang='lat' dir='ltr'>ratae</span> <span class='ocrx_word' id='word_1_186' title='bbox 321 3258 551 3343; x_wconf 60' lang='lat' dir='ltr'>cpimpthium</span> <span class='ocrx_word' id='word_1_187' title='bbox 577 3257 717 3323; x_wconf 88' lang='lat' dir='ltr'>additur</span> <span class='ocrx_word' id='word_1_188' title='bbox 739 3259 775 3323; x_wconf 91' lang='lat' dir='ltr'>in</span> <span class='ocrx_word' id='word_1_189' title='bbox 802 3258 875 3323; x_wconf 92' lang='lat' dir='ltr'>cod.</span> <span class='ocrx_word' id='word_1_190' title='bbox 903 3257 975 3322; x_wconf 87' lang='lat' dir='ltr'>solo</span> <span class='ocrx_word' id='word_1_191' title='bbox 999 3257 1038 3321; x_wconf 88' lang='grc' dir='ltr'>Α.</span> <span class='ocrx_word' id='word_1_192' title='bbox 1065 3257 1143 3321; x_wconf 89' lang='lat' dir='ltr'>hoc:</span> 
     </span>
    </p>
   </div>
   <div class='ocr_carea' id='block_1_6' title="bbox 197 3379 1175 3575">
    <p class='ocr_par' dir='ltr' id='par_1_6' title="bbox 197 3379 1175 3575">
     <span class='ocr_line' id='line_1_29' title="bbox 197 3379 1175 3468; baseline -0.001 -22"><span class='ocrx_word' id='word_1_193' title='bbox 197 3384 315 3457; x_wconf 79' lang='lat'>21,11.</span> <span class='ocrx_word' id='word_1_194' title='bbox 342 3383 360 3448; x_wconf 92' lang='grc' dir='ltr'><strong>ὁ</strong></span> <span class='ocrx_word' id='word_1_195' title='bbox 384 3384 447 3467; x_wconf 81' lang='grc' dir='ltr'>τὴν</span> <span class='ocrx_word' id='word_1_196' title='bbox 470 3389 650 3464; x_wconf 79' lang='grc' dir='ltr'><strong><em>παροῦσα-ν</em></strong></span> <span class='ocrx_word' id='word_1_197' title='bbox 673 3384 833 3468; x_wconf 79' lang='grc' dir='ltr'><strong><em>πημονὴν</em></strong></span> <span class='ocrx_word' id='word_1_198' title='bbox 858 3384 992 3466; x_wconf 77' lang='grc' dir='ltr'><strong><em>φεύγειν</em></strong></span> <span class='ocrx_word' id='word_1_199' title='bbox 1016 3379 1175 3446; x_wconf 77' lang='grc' dir='ltr'><strong><em>σπεύδων</em></strong></span> 
     </span>
     <span class='ocr_line' id='line_1_30' title="bbox 342 3489 990 3575; baseline -0.002 -21"><span class='ocrx_word' id='word_1_200' title='bbox 342 3489 427 3571; x_wconf 80' lang='grc' dir='ltr'><strong><em>ὁρᾶν</em></strong></span> <span class='ocrx_word' id='word_1_201' title='bbox 450 3490 578 3575; x_wconf 75' lang='grc' dir='ltr'><strong><em>ὀφείλει</em></strong></span> <span class='ocrx_word' id='word_1_202' title='bbox 600 3492 647 3574; x_wconf 78' lang='grc' dir='ltr'>μή</span> <span class='ocrx_word' id='word_1_203' title='bbox 673 3512 701 3555; x_wconf 75' lang='grc' dir='ltr'>τι</span> <span class='ocrx_word' id='word_1_204' title='bbox 723 3497 840 3572; x_wconf 81' lang='grc' dir='ltr'><strong><em>χεῖρον</em></strong></span> <span class='ocrx_word' id='word_1_205' title='bbox 863 3489 990 3572; x_wconf 75' lang='grc' dir='ltr'><strong><em>ἐξεύρῃ.</em></strong></span> 
     </span>
    </p>
   </div>
   <div class='ocr_carea' id='block_1_7' title="bbox 198 3629 1265 4146">
    <p class='ocr_par' dir='ltr' id='par_1_7' title="bbox 198 3629 1265 4146">
     <span class='ocr_line' id='line_1_31' title="bbox 201 3629 1263 3718; baseline -0.006 -24"><span class='ocrx_word' id='word_1_206' title='bbox 201 3631 447 3716; x_wconf 58' lang='lat' dir='ltr'>ilpirnpthium,</span> <span class='ocrx_word' id='word_1_207' title='bbox 484 3633 580 3718; x_wconf 81' lang='lat' dir='ltr'>quod</span> <span class='ocrx_word' id='word_1_208' title='bbox 609 3635 644 3697; x_wconf 91' lang='lat' dir='ltr'>in</span> <span class='ocrx_word' id='word_1_209' title='bbox 676 3630 815 3697; x_wconf 81' lang='lat' dir='ltr'>fabulae</span> <span class='ocrx_word' id='word_1_210' title='bbox 846 3652 985 3696; x_wconf 84' lang='lat' dir='ltr'>sensum</span> <span class='ocrx_word' id='word_1_211' title='bbox 1012 3631 1115 3716; x_wconf 89' lang='lat' dir='ltr'>plane</span> <span class='ocrx_word' id='word_1_212' title='bbox 1144 3629 1263 3694; x_wconf 75' lang='lat' dir='ltr'>cadero¹</span> 
     </span>
     <span class='ocr_line' id='line_1_32' title="bbox 200 3734 1262 3825; baseline -0.003 -24"><span class='ocrx_word' id='word_1_213' title='bbox 200 3760 302 3802; x_wconf 83' lang='lat' dir='ltr'>nemo</span> <span class='ocrx_word' id='word_1_214' title='bbox 328 3761 452 3824; x_wconf 87' lang='lat' dir='ltr'>negare</span> <span class='ocrx_word' id='word_1_215' title='bbox 469 3748 593 3825; x_wconf 84' lang='lat' dir='ltr'>potest,</span> <span class='ocrx_word' id='word_1_216' title='bbox 611 3741 671 3823; x_wconf 90' lang='lat' dir='ltr'>qui</span> <span class='ocrx_word' id='word_1_217' title='bbox 688 3738 886 3813; x_wconf 72' lang='lat' dir='ltr'>reiciebant</span> <span class='ocrx_word' id='word_1_218' title='bbox 911 3744 1052 3821; x_wconf 87' lang='lat' dir='ltr'>propter</span> <span class='ocrx_word' id='word_1_219' title='bbox 1068 3734 1262 3822; x_wconf 87' lang='lat' dir='ltr'>spondeum</span> 
     </span>
     <span class='ocr_line' id='line_1_33' title="bbox 199 3843 1264 3932; baseline -0.001 -25"><span class='ocrx_word' id='word_1_220' title='bbox 199 3846 232 3908; x_wconf 88' lang='lat' dir='ltr'>iu</span> <span class='ocrx_word' id='word_1_221' title='bbox 270 3847 394 3930; x_wconf 85' lang='lat' dir='ltr'>quinto</span> <span class='ocrx_word' id='word_1_222' title='bbox 429 3847 517 3932; x_wconf 85' lang='lat' dir='ltr'>pede</span> <span class='ocrx_word' id='word_1_223' title='bbox 546 3870 576 3912; x_wconf 82' lang='lat' dir='ltr'>v.</span> <span class='ocrx_word' id='word_1_224' title='bbox 605 3847 643 3910; x_wconf 93' lang='lat' dir='ltr'>ll</span> <span class='ocrx_word' id='word_1_225' title='bbox 669 3847 822 3932; x_wconf 88' lang='lat' dir='ltr'>positum</span> <span class='ocrx_word' id='word_1_226' title='bbox 847 3845 1047 3908; x_wconf 83' lang='lat' dir='ltr'>reiecerunt.</span> <span class='ocrx_word' id='word_1_227' title='bbox 1096 3843 1139 3908; x_wconf 84' lang='lat' dir='ltr'>Et</span> <span class='ocrx_word' id='word_1_228' title='bbox 1163 3863 1264 3928; x_wconf 87' lang='lat' dir='ltr'>spon·</span> 
     </span>
     <span class='ocr_line' id='line_1_34' title="bbox 199 3948 1265 4038; baseline 0.002 -26"><span class='ocrx_word' id='word_1_229' title='bbox 199 3951 302 4017; x_wconf 87' lang='lat' dir='ltr'>deum</span> <span class='ocrx_word' id='word_1_230' title='bbox 340 3951 456 4031; x_wconf 72' lang='lat' dir='ltr'>talem,</span> <span class='ocrx_word' id='word_1_231' title='bbox 492 3954 604 4038; x_wconf 77' lang='lat' dir='ltr'>&lt;prelis</span> <span class='ocrx_word' id='word_1_232' title='bbox 639 3952 765 4037; x_wconf 88' lang='lat' dir='ltr'>legitur</span> <span class='ocrx_word' id='word_1_233' title='bbox 799 3953 835 4016; x_wconf 93' lang='lat' dir='ltr'>in</span> <span class='ocrx_word' id='word_1_234' title='bbox 872 3949 1042 4018; x_wconf 79' lang='lat' dir='ltr'>vocabulo</span> <span class='ocrx_word' id='word_1_235' title='bbox 1078 3948 1265 4036; x_wconf 72' lang='lat' dir='ltr'>dissyllabo</span> 
     </span>
     <span class='ocr_line' id='line_1_35' title="bbox 198 4057 1264 4146; baseline -0.004 -22"><span class='ocrx_word' id='word_1_236' title='bbox 198 4061 342 4142; x_wconf 61' lang='grc' dir='ltr'><strong><em>φεύγειν,</em></strong></span> <span class='ocrx_word' id='word_1_237' title='bbox 378 4061 435 4125; x_wconf 80' lang='lat' dir='ltr'>vix</span> <span class='ocrx_word' id='word_1_238' title='bbox 470 4060 604 4126; x_wconf 81' lang='lat' dir='ltr'>tolerari</span> <span class='ocrx_word' id='word_1_239' title='bbox 631 4082 730 4146; x_wconf 83' lang='lat' dir='ltr'>posse</span> <span class='ocrx_word' id='word_1_240' title='bbox 759 4059 926 4129; x_wconf 78' lang='lat' dir='ltr'>concedo:</span> <span class='ocrx_word' id='word_1_241' title='bbox 952 4058 1146 4143; x_wconf 85' lang='lat' dir='ltr'>spondeum</span> <span class='ocrx_word' id='word_1_242' title='bbox 1172 4057 1264 4122; x_wconf 87' lang='lat' dir='ltr'>enim</span> 
     </span>
    </p>
   </div>
   <div class='ocr_carea' id='block_1_8' title="bbox 0 0 1472 4786">
    <p class='ocr_par' dir='ltr' id='par_1_8' title="bbox 0 0 1472 4786">
     <span class='ocr_line' id='line_1_36' title="bbox 0 0 1472 4786; baseline 0 0"><span class='ocrx_word' id='word_1_243' title='bbox 0 0 1472 4786; x_wconf 95' lang='lat' dir='ltr'> </span> 
     </span>
    </p>
   </div>
  </div>
 </body>
</html>
