2924 4786
652 297 807 359 ...2-

195 471 331 553 Quibus
356 472 398 538 de
421 473 577 539 versibus
601 473 719 538 Babrii
743 475 813 538 sint
839 495 950 539 necne
978 475 1042 539 viri
1077 473 1170 540 docti
1205 475 1263 539 alii

196 579 294 644 aliter
332 579 618 646 diiudicaverunt.
680 578 796 666 Atque
835 581 1161 661 Boissonadius,
1202 582 1262 666 qui

101 767 105 774 ι
196 687 328 770 primus
352 687 469 752 Babu'i
502 685 639 752 tabulas
668 687 787 767 edidit,
825 689 1016 774 epimythia
1039 688 1099 753 illa
1122 687 1169 752 LI
1191 686 1262 752 lere

195 795 314 858 omnia
326 793 452 859 Babrio
475 793 662 858 tribuenda
684 801 781 859 ratus
807 795 843 859 in
869 801 1072 860 contextum
1095 793 1265 880 recepitf’)
1343 857 1344 860 ,

196 898 464 965 Boissonadium
489 899 614 965 deinde
637 900 823 966 Weisius
852 908 886 966 et
917 900 1103 967 Orellius
1128 903 1261 968 Baite-

194 1027 351 1090 rusque
376 1008 485 1072 secuti
508 1015 599 1087 sunt,
637 1008 699 1094 qui
721 1008 789 1092 ipsi
819 1029 962 1093 quoque
997 1009 1085 1073 nihil
1120 1008 1190 1074 lere
1225 1010 1263 1072 in

197 1112 395 1197 epimythiis
418 1113 643 1199 haeserunt.⁶)
667 1113 714 1180 At
735 1114 987 1179 Duebnerus
1012 1116 1201 1201 epimythia
1225 1117 1263 1179 in

197 1217 344 1284 dubium
382 1219 531 1285 vocandi
569 1222 708 1286 initium
747 1219 837 1286 lecit.
895 1220 1069 1301 ‘Poetam,'
1109 1220 1265 1305 inquito

198 1326 398 1411 ‘epimythia
421 1327 592 1392 rarissime
617 1327 837 1392 subiunxisse
861 1325 989 1392 fabulis
1014 1348 1094 1392 cum
1119 1348 1160 1392 ex
1182 1328 1264 1392 artis

196 1453 320 1498 norma
356 1440 508 1520 apparet,
545 1455 652 1520 quam
677 1441 710 1498 et
734 1434 950 1499 admiserunt
974 1435 1097 1520 optimi
1132 1435 1263 1519 quique

197 1544 230 1603 et
265 1541 352 1604 ratio
387 1541 564 1627 praecipit,
603 1547 680 1606 tum
716 1561 758 1605 ex
792 1540 1063 1626 paraphrasibus
1098 1593 1104 1605 .
1138 1593 1144 1604 .
1176 1543 1193 1603 ‚³
1231 1547 1269 1604 et

197 1645 470 1732 ‘interpolatores
494 1648 684 1734 epimythia
707 1647 819 1713 multa
841 1645 1041 1712 fabularum
1065 1653 1174 1712 artem
1190 1668 1262 1731 per-

195 1751 314 1817 dentia
350 1753 554 1818 eholiambis
590 1775 691 1840 saepe
726 1754 827 1818 malis
862 1761 896 1819 et
931 1753 1081 1819 dictione
1104 1774 1178 1818 non
1201 1753 1264 1817 Ba-

195 1857 318 1923 briana
343 1864 598 1945 conceperunt'
645 1861 778 1927 Reiecit
814 1867 932 1926 autem
957 1860 1165 1926 Duebnerus
1196 1861 1263 1945 epi-

194 1965 329 2049 mythia
363 1966 465 2032 haec:
501 1965 595 2033 labb.
628 1968 658 2032 9.
686 1968 737 2032 13.
764 1969 817 2033 21.
843 1969 895 2032 22.
920 1968 973 2033 43.
1008 1969 1049 2033 70
1085 1971 1145 2051 (vs.
1183 1966 1264 2032 inde

195 2070 268 2135 ab.
295 2093 408 2156 usque
433 2072 477 2137 ad
501 2075 546 2158 8.)
583 2075 634 2139 72.
661 2075 713 2140 81.
740 2075 792 2140 82.
819 2076 871 2140 85.
897 2075 961 2155 eu,
999 2075 1082 2159 quia
1113 2082 1146 2139 et
1171 2073 1269 2138 addi-

193 2183 352 2243 tamenta
392 2188 507 2246 essent
546 2181 639 2247 mala
679 2189 785 2266 atque
822 2179 999 2267 superflua
1035 2188 1069 2246 et
1102 2181 1265 2245 titiorum

192 2285 297 2371 plena
333 2287 567 2352 metricorum.
626 2286 816 2352 Duebnero
852 2287 1266 2373 C.F1·.Hermannus

193 2414 357 2459 assensus
381 2401 441 2472 est,
467 2393 530 2481 qui
553 2395 591 2457 in
611 2393 816 2458 recensione
843 2391 937 2473 illius
958 2391 1066 2457 libelli
1089 2391 1267 2457 Duebneri

194 2500 240 2564 sic
264 2498 382 2583 leretss)
419 2499 485 2565 ‘die
510 2499 736 2586 Epimpthien
772 2499 892 2581 zeigen
928 2497 1101 2564 deutliche
1131 2497 1265 2584 Spuren

298 2693 322 2761 ὃ)
342 2695 374 2746 in
393 2694 505 2748 maiore
526 2693 658 2748 editione
678 2697 749 2748 anni
764 2693 834 2748 1844
856 2694 893 2747 de
912 2710 973 2747 uno
993 2694 1143 2748 dubitavit
1156 2695 1266 2761 epimy-

192 2784 256 2836 thio
285 2785 345 2836 fab.
366 2783 408 2838 71.
438 2785 487 2849 (cf.
507 2784 611 2837 Babrii
630 2785 751 2837 fabulae
770 2785 917 2836 iambicae
938 2783 1074 2850 CXXIII,
1094 2784 1177 2835 Paris
1198 2782 1267 2835 1844

194 2889 259 2940 pag.
280 2873 352 2935 132).
390 2875 424 2924 In
445 2871 579 2926 editione
600 2872 710 2927 deinde
730 2874 846 2925 minore
866 2872 1001 2924 eiusdem
1021 2873 1093 2923 anni
1111 2872 1266 2936 pluralem

196 2961 511 3028 epimythiavidentur
526 2962 553 3013 ei
573 2962 773 3028 displicuisse.
811 2961 871 3013 Ubi
890 2961 1008 3011 loeutus
1028 2958 1074 3010 ‘de
1094 2959 1267 3024 epimythiis

196 3050 347 3117 prosaicis,
368 3065 443 3114 quae
462 3049 601 3101 homines
621 3050 802 3101 recentiores
823 3053 852 3100 et
870 3050 1045 3115 plerumque
1065 3047 1267 3100 balbutientes

195 3139 352 3191 Bebrianis
372 3142 529 3188 assuerunt
558 3137 703 3190 versibus'
733 3136 841 3204 pergit:
871 3137 923 3188 ‘Ac
951 3153 989 3189 ne
1009 3142 1117 3188 cuncta
1145 3135 1267 3200 quidem

196 3227 362 3294 epimythia
388 3230 483 3276 metro
502 3226 594 3292 ligata
612 3226 764 3280 Bebriana
783 3242 848 3279 esse
867 3225 1076 3293 praestiterim'
1106 3224 1267 3293 (of.Babrii

195 3317 314 3368 fabulae
341 3314 495 3380 iambieae‚
528 3315 661 3369 secunda
690 3316 792 3377 editio,
821 3316 905 3368 Paris
926 3313 996 3367 1844
1020 3315 1112 3380 praef.
1142 3329 1206 3379 pag.
1233 3315 1266 3371 1.)

301 3402 324 3469 6)
351 3403 480 3455 Weisius
510 3404 675 3471 epimythia
704 3405 783 3458 labb.
805 3403 848 3469 29,
864 3403 899 3456 50
922 3404 1033 3468 reiecit,
1054 3403 1182 3455 Orellius
1202 3403 1267 3453 Bai-

195 3500 336 3555 terusque
366 3491 447 3546 labb.
469 3493 603 3545 omnium
632 3491 799 3559 epimythia
818 3494 1006 3545 retmuerunt
1030 3492 1078 3557 (cf.
1098 3491 1201 3542 Babrii
1226 3490 1267 3541 fa-

194 3581 283 3632 bulae
303 3580 517 3633 choliambicae
537 3581 582 3634 ed.
604 3583 635 3636 C.
656 3580 693 3631 H.
713 3581 822 3645 Weise
843 3580 961 3645 Lipsiae
983 3578 1051 3630 1845
1071 3595 1154 3645 pagg.
1180 3578 1222 3643 20,
1233 3577 1268 3629 32

196 3669 299 3721 Babrii
326 3668 454 3721 fabellae
482 3671 628 3724 iambicae
655 3668 786 3722 CXXIII
814 3684 852 3721 ex
880 3684 936 3720 rec.
965 3670 991 3721 J.
1011 3668 1057 3720 Fr.
1077 3667 1268 3720 Boissonadii

195 3758 241 3810 ed.
270 3759 295 3809 .J.
316 3757 347 3811 C.
368 3757 495 3810 Orellius
515 3765 544 3811 et
562 3761 588 3813 J.
610 3755 1028 3823 G.Baite1·us,zunch1845
1050 3773 1135 3824 pagg.
1159 3755 1267 3823 5-74).

301 3843 323 3909 7)
352 3846 388 3899 cf.
417 3847 693 3902 animadversiones
727 3846 847 3901 criticae
880 3846 916 3897 de
952 3845 1054 3897 Babrii
1085 3843 1270 3913 μυῦιάμβοις

194 3936 313 4001 scripsit
340 3935 372 3988 F.
391 3936 538 4001 Duebner‚
567 3937 653 3990 Paris
674 3933 745 3990 1844
764 3951 830 4002 pag.
851 3936 894 3990 18.
914 3932 956 3987 30.

305 4023 328 4093 ⁸)
358 4025 393 4078 of.
422 4025 608 4078 Jahrbueher
640 4025 688 4076 1111
719 4023 1007 4077 wissenschaftliche
1036 4024 1143 4083 Rutili,
1167 4022 1267 4073 Berlin

195 4111 264 4164 1844
282 4128 347 4179 pag.
366 4111 427 4166 817.
