2924 4786
664 288 707 294 —
731 248 774 311 311
798 287 842 293 -

219 427 351 493 Fabula
377 428 417 492 la
441 428 478 492 in
503 427 577 492 cod.
603 426 633 491 A
657 424 779 490 linitur
804 447 920 490 versu:

400 533 528 617 βορρᾶς
550 534 613 617 μὲν
637 532 728 598 οὕτω
754 531 944 614 οογκριᾶεὶς
967 531 1119 616 ἐνικήθη.

219 641 443 725 subiungitur
466 640 546 705 dein
571 640 637 704 hoc
662 637 909 724 opimythium:

223 749 273 823 18,
289 749 339 812 15.
377 748 464 829 λέγει
488 747 517 811 ‹l'
544 747 562 811 ὁ
585 745 716 828 μῦθος
742 746 930 829 πρᾳότητα,
955 752 1029 824 ποῖ,
1055 743 1168 829 ζήλου.

376 853 511 934 ἀνύσεις
534 873 565 917 τι
588 851 709 917 πειθοῖ
729 852 862 935 μᾶλλον
885 852 906 936 ἢ
930 851 988 936 βίρ
1012 850 1128 934 ῥέζων.

220 958 318 1044 quod
341 980 464 1024 omnes
499 958 569 1024 iere
595 958 744 1024 editores
771 961 809 1024 in
833 966 930 1024 textu
953 959 1180 1035 retinuerunt,
1205 959 1294 1022 reie-

220 1073 342 1131 cerunt
376 1065 610 1131 Eberhardius
646 1072 679 1131 et
714 1065 864 1131 Crusius.
913 1064 1028 1150 Atque
1052 1063 1295 1129 Eberhardius

223 1171 366 1257 quidem
405 1194 524 1239 versus
559 1173 694 1257 spurios
729 1193 836 1257 quare
861 1172 1115 1250 existimaverit,
1152 1192 1216 1235 nec
1251 1172 1295 1236 in

222 1279 374 1344 editione
403 1301 468 1344 nec
504 1280 540 1342 in
564 1278 867 1345 observationibus
889 1280 956 1344 illis
980 1279 1162 1344 Babrianis
1186 1298 1294 1362 expo-

222 1387 300 1451 suit.
349 1385 476 1452 Contra
500 1385 642 1450 Crusius
666 1384 753 1450 duas
777 1407 898 1451 causas
933 1387 1107 1451 invenisse
1142 1384 1208 1449 sibi
1241 1385 1293 1449 vi-

224 1492 334 1570 detur,
360 1491 533 1577 equibus
567 1491 823 1577 interpolatoris
858 1514 931 1557 esse
965 1491 1043 1557 illos
1077 1512 1196 1559 versus
1231 1511 1292 1576 ap-

222 1606 349 1685 pareat.
408 1599 572 1664 Formam
607 1599 701 1663 enim
736 1598 873 1682 βορρᾶς,
910 1621 999 1685 quae
1034 1600 1072 1663 in
1109 1619 1211 1664 versu
1248 1598 1293 1662 14

223 1707 409 1784 invenitur,
436 1713 470 1770 et
494 1705 601 1787 ῥέζων
624 1726 745 1770 vocem
768 1707 923 1772 inversu
941 1707 982 1771 16
1006 1704 1291 1791 interpolatorem

221 1811 366 1898 prodere
405 1813 549 1878 censuit.
612 1811 662 1878 Ac
700 1815 852 1899 primum
891 1813 1034 1899 quidem
1073 1814 1290 1898 quamquam

222 1919 405 1985 verisimile
430 1940 503 1985 non
527 1941 601 1984 esse
627 1921 790 2000 concedo,
819 1921 987 1986 Babrium
1009 1921 1047 1985 in
1065 1934 1136 1985 u'na
1152 1917 1289 1983 eadem-

223 2048 292 2112 que
315 2025 435 2093 iabula
459 2024 609 2091 formam
634 2027 784 2093 solutam
809 2028 1009 2093 adhibuisse
1034 2027 1084 2110 (in
1099 2048 1130 2093 v.
1150 2026 1168 2089 1
1185 2024 1291 2108 βορέᾳ

223 2133 255 2198 Α
279 2140 312 2200 et
335 2134 372 2198 in
395 2157 426 2200 v.
451 2134 473 2197 4
503 2132 628 2216 βορέας
651 2133 738 2218 11112)
775 2142 879 2219 atque
915 2138 1128 2198 contractam
1162 2130 1292 2215 βορρᾶς

222 2241 260 2303 in
283 2263 313 2306 v.
342 2241 393 2319 14,
417 2248 537 2305 tamen
561 2240 649 2304 nihil
673 2249 733 2319 est,
759 2262 820 2306 eur
842 2241 933 2306 hanc
949 2261 1023 2305 rem
1039 2238 1126 2304 adeo
1142 2258 1288 2324 premas.

224 2345 433 2431 Perpetuam
457 2347 551 2410 eninr
575 2345 681 2411 luisse
705 2345 971 2413 fluctuationem
994 2347 1032 2410 in
1055 2346 1201 2411 vocibus
1223 2344 1290 2410 illis

225 2452 415 2518 scribendis
439 2451 564 2536 βορέας
592 2460 626 2519 ο1
648 2452 786 2537 βορρᾶς,
822 2453 945 2537 βορέης
980 2461 1013 2519 et
1047 2451 1176 2536 βορρῆς
1210 2473 1290 2517 cum

225 2558 283 2624 alii
305 2567 382 2626 tum
406 2561 514 2625 Henr.
534 2558 732 2646 Stephanus
755 2561 792 2624 in
815 2560 902 2626 thos.
926 2560 1009 2644 ling.
1024 2559 1143 2625 Graec.
1168 2557 1234 2624 vol.
1259 2559 1290 2623 H

225 2666 287 2732 col.
313 2667 377 2732 329
401 2667 491 2733 bene
516 2666 719 2732 docuerunt.
766 2667 879 2733 Facile
914 2669 1018 2751 igitur
1058 2666 1125 2731 hoc
1150 2686 1291 2751 quoquc

224 2773 301 2837 loco
325 2772 401 2839 lieri
423 2775 548 2860 potuit,
585 2782 624 2840 ut
647 2774 777 2839 menda
812 2774 965 2859 quadam
1000 2773 1130 2839 librarii
1164 2772 1293 2857 βορρᾶς

225 2899 287 2963 pro
310 2877 435 2962 βορέας
452 2879 711 2965 scriberetur·.73)
736 2880 805 2945 Sed
828 2887 1020 2966 utcumque
1037 2901 1090 2946 res
1115 2901 1150 2945 se
1174 2879 1289 2953 habet,

225 2984 354 3068 βορρᾶς
375 2984 524 3052 formam
549 3007 622 3051 non
646 2987 810 3073 praebere
846 3008 987 3052 causam
1024 2989 1105 3052 satis
1141 3007 1290 3071 gravem,

226 3100 265 3158 ut
289 3092 519 3178 epimythium
545 3094 674 3173 reicias
701 3093 859 3159 docuisse
883 3094 970 3158 mihi
992 3093 1120 3159 videor.
1157 3093 1291 3159 Deinde

226 3199 271 3264 ad
305 3197 449 3265 alteram
484 3221 635 3281 causam,
672 3222 742 3286 qua
767 3208 962 3266 commotus
986 3199 1128 3265 Crusius
1163 3201 1291 3287 epimy-

225 3306 340 3372 thium
374 3307 580 3394 repudiarit,
622 3306 892 3373 examinandam
930 3307 1181 3390 aggrediamur.
1241 3307 1291 3373 Ac

332 3534 366 3603 ⁷²)
387 3554 447 3591 non
467 3555 589 3591 necesse
610 3545 672 3591 erat
691 3539 744 3591 has
765 3538 829 3594 cod.
848 3541 875 3591 A
888 3539 1031 3593 lectiones
1051 3545 1240 3606 commutare,
1261 3539 1292 3591 id

226 3624 306 3691 quod
326 3625 464 3679 Orusium
483 3629 624 3680 maluisse
643 3627 740 3684 video.
777 3629 920 3682 Babrium
939 3628 1028 3695 enim,
1048 3628 1074 3680 si
1093 3629 1210 3681 fabulas
1230 3645 1293 3695 per·

226 3716 359 3783 curreris,
388 3717 540 3784 volgatum
570 3736 588 3771 n
608 3723 637 3770 ct
663 3737 681 3784 n
709 3718 842 3770 ionicum
870 3719 948 3771 inter
975 3734 1039 3771 sese
1068 3718 1292 3770 commiscuissc

225 3803 313 3858 facile
333 3805 477 3859 invenies.

332 3892 366 3959 ⁷³)
386 3894 446 3946 nisi
474 3895 550 3948 forte
580 3897 822 3965 interpolatorem
850 3896 1000 3962 quendam
1019 3912 1138 3949 versum
1162 3896 1197 3948 14
1216 3913 1293 3949 com·

226 3983 362 4046 posuisse
390 3983 560 4049 credideris,
593 4002 651 4051 quo
684 3985 890 4054 epimythium,
922 3985 1004 4051 quod
1031 3985 1139 4051 incipit
1168 3998 1230 4039 1111.
1252 3984 1293 4051 15,

227 4086 294 4122 cum
314 4072 379 4138 ipsa
397 4072 509 4140 fabula,
529 4090 605 4139 <luae
625 4092 651 4129 v.
673 4075 705 4128 13
724 4075 838 4141 finitur,
859 4074 1060 4141 coniungeret.
