2924 4786
697 361 741 366 —
768 322 829 386 1⁴00
853 361 897 369 —-

266 501 317 580 72,
332 502 383 566 23.
422 500 450 566 ὥ
475 507 549 579 ποῖ,
575 499 719 565 σεαυτὸν
743 501 872 583 κόσμον
896 501 1021 566 οἰκεῖον
1044 501 1177 584 κόσμει·

420 615 493 690 τοῖς
520 611 646 691 ἐνέρων
669 609 731 691 γὰρ
756 609 942 691 ἐμπρέπων
966 609 1099 673 τούτων
1117 607 1329 692 veraqqrbjcq.

263 717 410 782 Versum
447 716 595 782 alterum
621 715 722 782 valde
751 714 1006 805 claudicantem
1030 714 1088 780 alii
1112 714 1209 780 aliter
1233 735 1331 805 sana·

263 831 397 889 verunt.
457 823 572 908 Atque
607 822 711 906 lenge
746 822 887 907 plurimi
921 816 1190 887 Beissenadium
1222 823 1329 887 secuti

264 938 356 1009 sunt,
388 931 449 1015 qui
480 930 727 996 correctionem
751 950 877 994 manus
900 929 1156 994 recentissimae
1182 929 1329 1010 (Menae)

263 1037 408 1122 recepit:
427 1036 469 1101 de
487 1058 556 1121 qua
573 1036 783 1102 correctione
800 1033 1004 1100 Dinderiius
1021 1035 1068 1100 sic
1084 1033 1227 1118 ierc2174)
1247 1041 1345 1117 ’τοῖς

262 1145 398 1225 ἐνέρων
428 1144 472 1208 ist
501 1143 651 1210 schwarz
676 1141 938 1208 durchstrichen
963 1141 1038 1206 und
1061 1141 1148 1206 uber
1172 1163 1243 1224 ρων
1267 1142 1328 1208 das

262 1251 360 1315 Wert
392 1249 497 1332 ξένοις
521 1250 624 1315 sewie
648 1249 735 1315 liber·
758 1250 892 1315 τούτων
915 1248 990 1314 und
1014 1248 1211 1333 σνερηόήσῃ
1235 1248 1329 1331 οἱοβ

262 1357 337 1422 rrnd
361 1379 383 1421 ο
406 1360 554 1440 gesetzt’.
603 1355 681 1438 Qua
705 1356 914 1421 correctione
938 1355 1084 1440 probata
1113 1376 1234 1421 omnes
1258 1354 1327 1421 iere

261 1464 409 1530 editores
434 1463 581 1529 alterum
604 1463 710 1528 huius
734 1462 916 1547 epimythii
939 1484 1077 1528 versum
1103 1464 1325 1547 scripserunt:

402 1570 508 1652 ξένοις
531 1570 593 1653 γὰρ
618 1570 805 1652 ἐμπρέπων
829 1569 1026 1653 σνερηόήοῃ
1050 1571 1192 1635 τούτων.

262 1678 329 1743 Sed
352 1678 418 1743 hac
443 1679 610 1762 scriptura
635 1697 761 1741 manus
785 1676 1041 1742 recentissimae
1064 1677 1101 1740 in
1125 1684 1326 1742 contextum

260 1792 398 1869 recepta
426 1783 476 1862 fir,
508 1791 547 1849 ut
572 1783 642 1848 due
671 1782 834 1868 deinceps
857 1805 976 1849 versus
1006 1783 1200 1869 spondeum
1231 1806 1325 1870 prac-

262 1892 369 1957 beant
392 1892 428 1955 in
454 1891 576 1976 quinto
600 1912 720 1956 versus
744 1891 832 1975 pede
857 1889 1048 1955 admissum
1072 1893 1115 1972 (v.
1142 1891 1184 1955 23
1203 1893 1327 1957 οἰκεῖον

260 1999 386 2081 κόσμει,
406 2020 434 2062 r.
450 1998 493 2061 24
518 1997 714 2081 σνερηόήσρ
738 1999 894 2080 τούτων),
919 1996 957 2062 id
980 1997 1077 2082 quod
1100 2018 1325 2083 nequaquam

260 2105 393 2170 tolerari
423 2111 545 2190 petest.
595 2103 745 2182 Accedit,
779 2104 875 2189 qued
898 2125 1017 2169 versus
1040 2105 1089 2170 ita
1113 2106 1325 2190 compositus

263 2218 353 2277 caret
401 2233 542 2276 caesura
584 2220 617 2277 et
663 2212 909 2296 semiquinaria
956 2219 989 2276 et
1035 2212 1324 2298 semiseptenaria.

259 2318 396 2402 qualem
424 2318 560 2383 nullum
588 2319 744 2382 invenies
773 2317 881 2382 alium
905 2317 1000 2404 apud
1024 2318 1200 2397 Babrium,
1226 2319 1325 2383 cuius

259 2424 474 2490 cheliambos
486 2430 566 2510 pest
581 2424 697 2490 thesin
714 2431 774 2489 aut·
789 2425 927 2490 tertiam
944 2434 1005 2490 aut
1018 2432 1178 2511 quartam
1190 2446 1325 2510 semper·

257 2531 363 2597 incidi
388 2552 509 2595 omnes
533 2531 756 2596 consentiunt
780 2528 834 2613 (cf.
859 2531 984 2597 Eberh.
1010 2531 1115 2619 praei.
1140 2555 1173 2619 p.
1191 2533 1231 2612 V,
1253 2532 1323 2597 Fici

258 2639 336 2704 dise.
362 2661 394 2724 p.
421 2639 496 2717 845,
522 2637 616 2703 Orus.
642 2638 769 2724 proleg.
787 2638 921 2724 XLVI).
970 2639 1083 2722 Quare.
1100 2640 1324 2705 Hermannrrs

258 2746 360 2811 scribi
385 2745 493 2811 voluit
516 2767 655 2810 versum
680 2746 736 2810 24:

391 2852 533 2935 κόσμοις
556 2852 663 2934 ξένοις
685 2852 747 2935 γὰρ
772 2853 959 2935 ἐμπρέπων
983 2854 1189 2937 σνορηόόσῃ.

258 2958 490 3023 Eberhardius
513 2959 708 3044 proposuit:
814 2969 815 2972 ’

437 3064 606 3146 ἀλλοτρίῳ
631 3065 693 3147 γὰρ
718 3066 904 3148 ἐμπρέπων
929 3066 1135 3152 σνέρνμέόσῃ.

256 3178 479 3244 (ἦόοωιοιίω
504 3180 655 3264 denique
679 3181 715 3245 in
740 3180 891 3247 editione
916 3183 1065 3267 scripsit:

377 3295 518 3379 κόσμοις
541 3295 603 3378 γὰρ
628 3297 754 3378 ἐπέρων
778 3297 964 3380 ἐμπρέπων
988 3297 1194 3382 σσερηόήσρ.

254 3420 428 3504 Equidem
473 3420 646 3486 medelam
691 3423 719 3486 si
764 3417 879 3487 versui
921 3423 964 3485 24
1008 3431 1169 3508 corrupto
1209 3423 1321 3508 parari

254 3525 427 3599 volumus,
471 3549 594 3592 censeo
630 3527 730 3593 nobis
767 3551 786 3592 a
822 3527 989 3612 scriptura
1025 3528 1155 3612 primae
1196 3549 1321 3593 uranus

254 3631 556 3718 proficiscendum.
604 3635 726 3720 ltaque
756 3635 991 3699 coniecturam
1016 3634 1173 3698 existimo
1198 3635 1319 3719 preba-

254 3739 413 3805 bilinrem
438 3762 510 3806 csse
534 3741 692 3821 Nauckii,
718 3743 779 3827 qui
803 3739 904 3805 scribi
928 3740 1053 3805 voluit:

388 3854 496 3913 σοῖσιν
520 3850 646 3930 ἐνέρων
669 3849 731 3932 γὰρ
756 3833 942 3931 ἐμπρέπων
967 3848 1174 3932 σιερνμέήσῃ.

361 4057 406 4128 ¹1⁴)
426 4061 462 4114 rr.
483 4062 589 4114 cruror.
609 4063 666 4114 vor.
687 4063 771 4112 xvrr
798 4059 893 4130 (rear)
916 4052 1005 4114 ‘lter
1024 4061 1072 4114 are
1092 4062 1319 4130 Originarhaud-

253 4147 355 4198 schrift
377 4148 429 4200 des
449 4151 575 4201 Rubrius
596 4151 634 4200 im
656 4150 818 4200 britisclrau
839 4151 993 4204 Muscum)
