2924 4786
638 232 816 296 „26-

194 411 291 490 hard,
316 411 388 476 obs.
415 411 514 476 Babr.
540 432 617 496 pag.
645 409 716 494 19);
742 431 832 495 quae
850 412 1067 476 coniecturae
1084 410 1171 476 mihi
1188 414 1267 498 qui-

194 518 274 583 dem
309 538 382 583 non
416 518 629 583 necessariae
652 515 815 582 videntur
848 539 963 603 neque
1005 518 1091 583 haee
1127 521 1269 602 gravior

194 624 344 711 Maehlyi
369 623 459 709 φύζα
483 646 544 710 pro
569 623 633 706 ἔξω
658 626 747 708 (pag.
773 624 851 703 311)
875 645 990 709 neque
1013 623 1188 690 levissima
1203 626 1268 693 illa

193 731 398 797 Eberhardii
421 733 590 815 σωτήριον
612 751 675 816 pro
700 733 859 814 σωτηρία.
896 730 1051 797 Primum
1075 733 1169 797 enim
1190 755 1269 800 non

195 839 305 918 vidae,
342 859 403 903 eur
437 839 474 902 in
508 839 625 903 vineta
659 838 860 923 praesertim
890 839 1045 904 oratione
1070 841 1268 906 sententiae

194 945 285 1011 illius
310 950 490 1024 stluetura,
514 945 552 1009 in
576 966 646 1029 qua
670 943 866 1010 subiectum
891 952 942 1010 est
965 945 1005 1010 τὸ
1027 945 1149 1029 μικρὸν
1164 947 1267 1027 εἶναι,

195 1053 251 1117 eui
290 1051 430 1116 additur
467 1050 707 1136 praedicatum
745 1049 876 1137 duplex
916 1056 1067 1136 σωτηρία
1101 1053 1172 1118 ἐστὶ
1208 1057 1270 1120 καὶ

194 1163 311 1224 κακῶν
346 1156 410 1239 ἔξω
441 1160 498 1240 (se.
531 1158 613 1241 ἐστί)
641 1155 872 1223 offendamus.
905 1157 969 1240 ἔξω
993 1159 1081 1224 εἶναι
1102 1179 1183 1225 vero
1207 1161 1267 1226 vel

195 1266 259 1348 ἔξω
294 1264 467 1348 γίγνεσθαι
500 1266 520 1330 i.
558 1287 585 1330 e.
620 1263 692 1330 ‘lrei
719 1266 794 1330 sein
821 1286 900 1344 von,
931 1265 1022 1331 ohne
1047 1272 1152 1332 etwas
1176 1267 1266 1332 sein’

195 1372 290 1459 apud
318 1370 467 1437 Graecos
492 1373 672 1457 scriptores
695 1393 767 1437 non
791 1379 911 1458 poetas
936 1371 1049 1438 solum
1073 1372 1133 1437 sed
1157 1373 1267 1439 etiam

195 1486 347 1546 oratores
386 1480 651 1545 usitatissimum
690 1501 764 1544 esse
803 1481 861 1545 vix
899 1462 988 1566 opus
1024 1486 1075 1546 est
1109 1499 1265 1545 monere.

196 1585 357 1653 Ceterum
374 1585 529 1651 similiter
551 1607 590 1651 ae
606 1586 640 1651 h.
657 1586 678 1651 l.
705 1586 769 1668 ἔξω
785 1592 902 1653 κακῶν
922 1588 993 1654 ἐστι
1007 1587 1265 1653 Demosthenes

196 1693 283 1758 dixit
313 1692 377 1776 ἔξω
408 1697 524 1774 κακῶς
553 1694 694 1777 πάσχειν
723 1694 904 1776 γίγνεσθαι,
942 1693 995 1777 (el.
1026 1695 1131 1759 etiam
1155 1693 1262 1780 Soph.

197 1799 280 1865 Oed.
298 1799 338 1864 R.
363 1821 394 1864 v.
421 1799 485 1863 622
511 1808 544 1866 et
563 1800 671 1885 1390).
719 1801 854 1866 Deinde
875 1801 972 1867 haud
989 1802 1070 1879 seio,
1095 1822 1140 1866 an
1157 1802 1263 1866 etiam

196 1907 431 1993 postpositum
453 1909 532 1973 voei
547 1913 664 1975 κακῶν
680 1908 825 1974 verbum
850 1909 914 1991 ἔξω
938 1909 1063 1994 prodat
1079 1907 1263 1988 Babrium3

196 2035 302 2099 quem
338 2013 502 2080 adverbia
538 2014 621 2096 ἄνω,
658 2015 737 2095 ἔσω,
773 2015 837 2098 ἔξω
874 2037 1009 2101 semper
1043 2013 1113 2080 iere
1147 2015 1264 2080 verbis

196 2122 434 2206 postposuisse
457 2128 548 2187 reete
573 2123 768 2187 observavit
791 2121 1025 2188 Eberhardius
1050 2122 1134 2206 (obs.
1159 2120 1261 2186 Babr.

196 2248 228 2310 p.
256 2227 321 2310 16).
347 2226 499 2306 Accedit,
519 2229 615 2313 quod
637 2230 674 2293 in
698 2227 766 2292 lab.
794 2228 857 2291 112
882 2229 1115 2314 epimythium
1136 2227 1264 2310 legitur

196 2355 274 2399 vere
320 2332 535 2398 Babrianum
579 2334 661 2398 huie
707 2342 741 2400 et
783 2341 987 2417 argumento
1028 2342 1062 2401 et
1104 2355 1263 2400 sermone

197 2439 422 2520 simillimum,
456 2440 498 2505 de
530 2461 600 2525 quo
632 2439 789 2506 eonieras
818 2462 922 2526 supra
949 2463 1027 2527 pag.
1055 2443 1105 2506 16.
1165 2439 1262 2521 Quae

195 2548 301 2631 igitur
317 2547 464 2613 alterum
484 2547 590 2613 altero
608 2546 853 2613 defenduntur.
903 2548 999 2630 Quae
1022 2571 1102 2614 eum
1118 2550 1166 2613 ita
1183 2548 1261 2623 sint,

196 2653 265 2718 iab.
283 2655 304 2718 4
320 2677 351 2720 v.
369 2655 457 2718 6-8
475 2655 610 2740 spurios
625 2676 697 2720 non
715 2677 798 2733 esse,
824 2656 886 2721 sed
902 2656 947 2721 ad
962 2658 1079 2742 ipsum
1095 2655 1263 2720 Babrium

195 2758 313 2825 referri
337 2768 371 2826 et
393 2783 495 2848 posse
520 2769 553 2828 et
577 2762 702 2828 debere
727 2783 859 2827 censae.

196 2864 265 2931 lab.
291 2867 321 2930 5.

197 2972 386 3052 Gallorum,
424 2975 484 3058 qui
519 2975 608 3038 inter
631 2996 704 3039 sese
728 2983 980 3060 pugnaverant,
1010 2976 1095 3042 alter
1121 2973 1264 3039 victoria

197 3079 317 3160 elatus,
347 3102 427 3145 eum
461 3081 499 3144 in
532 3086 664 3147 tectum
699 3081 847 3148 volasset
882 3105 1080 3167 magnaque
1103 3101 1187 3146 voee
1212 3100 1263 3144 ee-

197 3188 345 3267 einisset,
371 3187 414 3252 ab
443 3186 560 3272 aquila
588 3189 703 3253 subito
721 3197 858 3276 ereptus
875 3197 936 3270 est,
966 3189 1059 3269 alter,
1089 3187 1150 3272 qui
1166 3183 1263 3249 clade

197 3302 338 3381 accepta
384 3295 526 3381 pudoris
561 3295 686 3382 plenus
727 3297 764 3361 in
800 3296 940 3361 aedium
982 3296 1099 3380 aliquo
1135 3292 1263 3377 angulo

197 3401 389 3480 delituerat,
415 3410 465 3467 est
490 3409 653 3468 servatus.

196 3506 349 3571 Fabulae
372 3509 410 3572 in
434 3508 507 3573 eod.
533 3508 572 3573 A.
597 3509 664 3573 hoe
688 3509 919 3594 epimythium
947 3506 1101 3572 additur:

197 3615 227 3691 5,
243 3614 293 3679 10.
331 3612 507 3697 ἄνθρωπε,
532 3617 588 3680 καὶ
612 3616 652 3681 σὺ
676 3619 723 3700 μή
748 3637 779 3682 τι
802 3617 878 3681 κατ’
905 3614 978 3680 ἴσθι
1000 3615 1186 3696 κανχήμων

331 3720 438 3787 ἄλλον
463 3743 500 3787 σε
523 3722 644 3789 κλεῖον
667 3729 729 3807 τῆς
752 3725 856 3807 τύχης
878 3721 1096 3802 ἐπαιρούσης.

330 3828 482 3911 πολλοὺς
506 3829 614 3896 ἔσωσε
637 3832 693 3896 καὶ
716 3830 755 3896 τὸ
778 3830 825 3912 μὴ
850 3827 966 3907 καλῶς
988 3826 1158 3908 πράττειν.

197 3935 293 4015 Quos
316 3956 435 4000 versus
458 3937 725 4004 Laelrmannum
750 3935 859 4000 seouti
883 3953 1004 3997 omnes
1028 3931 1098 3996 lere
1115 3932 1263 3997 editores

197 4048 236 4106 ut
271 4043 406 4128 spurios
442 4045 578 4110 uncinis
604 4044 826 4111 secluserunt.
873 4038 1122 4103 Laelrmannus
1147 4043 1262 4104 autem
