2924 4786
642 288 818 352 -99-

195 470 301 553 igitur
323 467 411 533 nihil
432 467 539 533 habet
555 465 760 532 offensionis
776 467 948 533 metricae.
987 467 1117 534 Vocem
1143 469 1269 535 deinde

197 574 443 659 παραιτεῖσθαι
456 572 710 659 significatione
729 573 885 639 adhibita
897 573 1108 659 repudiandi
1120 597 1140 641 a
1153 575 1270 641 Babrii

196 702 355 748 sermone
380 702 453 747 non
476 681 627 746 alienam
651 702 726 746 esse
750 681 809 746 vix
832 702 922 768 opus
938 690 990 747 est
1006 703 1166 762 monere;
1190 682 1269 748 talis

197 786 293 854 eniin
317 788 414 854 notio
438 810 459 853 a
483 787 669 853 acrioribus
691 787 877 874 praecipue
902 788 1127 874 scriptoribus
1162 789 1270 873 (velut

197 895 395 980 Plutarcho)
431 895 513 960 huic
536 894 642 960 verbo
667 904 719 961 cst
754 894 919 961 subiecta.
967 894 1023 960 Ad
1059 897 1269 963 sententiam

198 1003 349 1088 denique
384 1001 480 1088 quod
516 1002 649 1081 attinet,
686 1002 866 1088 aptissimo
891 1002 998 1068 modo
1027 1024 1130 1090 posse
1153 1001 1269 1069 refeni

200 1110 288 1175 lianc
321 1107 486 1177 fabellam
511 1108 556 1174 ad
590 1108 752 1174 homines
789 1129 858 1188 eos,
895 1109 957 1194 qui
992 1130 1083 1195 quae
1119 1124 1268 1177 noceant

200 1215 321 1293 dulcia,
346 1237 419 1282 non
442 1224 618 1302 respuant,
645 1217 801 1301 quiscat,
824 1217 886 1301 qui
902 1216 1079 1300 aegeum)
1103 1218 1267 1283 Attamen

200 1323 263 1389 hos
285 1344 404 1389 versus
427 1324 471 1390 ab
496 1322 661 1388 omnibus
693 1321 764 1387 lere
788 1321 980 1388 editoribus
1015 1325 1160 1390 reiectos
1195 1347 1268 1390 esse

200 1432 353 1497 invenies
377 1431 482 1496 etiam
506 1430 551 1495 ab
574 1431 626 1509 iis,
652 1430 713 1515 qui
736 1428 942 1513 indulgeant
967 1432 1177 1517 epimythiis.
1225 1433 1269 1498 Et

201 1546 240 1603 ut
262 1539 433 1604 sententia
456 1559 557 1603 versu
582 1537 602 1602 6
627 1558 788 1623 expressa
808 1534 948 1602 fabulae
965 1539 1096 1624 optime
1114 1559 1268 1604 accomo-

201 1644 280 1710 data
304 1652 364 1725 est,
389 1645 438 1711 ita
455 1643 633 1730 quomodo
648 1646 687 1709 in
703 1665 805 1710 versu
822 1645 842 1710 5
860 1647 1033 1711 sententia
1045 1644 1091 1709 ad
1109 1646 1269 1711 homines

201 1748 374 1831 referatur,
400 1750 566 1837 displicet.
604 1751 701 1816 Certe
726 1752 820 1816 enim
843 1773 916 1817 non
939 1750 1053 1837 lepide
1079 1751 1170 1818 dicta
1187 1762 1270 1818 sunt.

200 1855 257 1922 illa
292 1861 368 1942 ‘pig
396 1860 506 1940 γένοιο
539 1856 580 1922 ἂν
608 1858 644 1921 ἐν
672 1857 885 1940 ἀνθρώποις,
909 1858 953 1941 ἢν
978 1913 984 1923 .
1011 1913 1017 1923 ,
1046 1863 1063 1923 .'
1101 1859 1175 1943 (ubi
1214 1881 1267 1924 ex-

202 1974 370 2050 spectares
411 1964 534 2031 saltem
573 1965 687 2047 itzcog
728 1986 805 2045 πως
844 1969 912 2047 μῦς
958 1966 1097 2048 ἀκούοις
1139 1964 1181 2031 ἂν
1214 1965 1269 2033 rel

201 2071 323 2137 similia
354 2072 443 2156 alia),
478 2073 595 2157 potius
623 2070 793 2155 elegantia
825 2080 943 2136 carent
970 2094 1050 2138 rere
1084 2072 1267 2151 Babn'ana,

202 2199 306 2263 quam
341 2179 531 2265 epimythia
561 2200 643 2264 prae
672 2200 707 2244 sc
736 2176 853 2245 lerunt
883 2180 1045 2262 genuina.
1101 2179 1266 2245 Babrium

201 2286 302 2368 igitur
326 2287 534 2351 sententiam
557 2286 711 2371 potuisse
736 2285 861 2351 ducere
885 2308 928 2350 ex
950 2287 1028 2372 ipsa
1043 2284 1163 2351 fabula
1180 2307 1267 2365 eam,

203 2413 272 2476 qua
286 2393 447 2458 homines
472 2400 625 2478 carperet
637 2392 887 2479 voluptatibus,
906 2414 996 2479 quae
1013 2401 1188 2472 nocerent,
1213 2392 1268 2457 de-

202 2497 289 2564 ditos
325 2496 379 2580 (cf.
404 2521 435 2564 v.
467 2499 501 2583 6)
537 2498 706 2578 concedo,
738 2499 856 2565 Babrii
890 2522 964 2565 esse
998 2499 1167 2585 puerilem
1199 2498 1268 2564 iere

201 2605 464 2691 explicationem
488 2607 526 2670 in
550 2627 579 2670 v.
606 2606 625 2669 Γ)
650 2605 918 2689 ηθὲενθϊίῐῃ.173)

201 2710 267 2777 tab.
294 2713 345 2777 72.

202 2816 472 2885 Pulchritudinis
508 2821 694 2885 certamine
738 2818 861 2884 atibus
899 2817 1031 2883 indicto
1072 2840 1153 2883 cum
1194 2818 1270 2885 aliis

200 2926 359 3007 graculus
382 2926 487 3004 venit,
513 2927 575 3010 qui
598 2949 640 2991 ex
657 2925 813 2991 deciduis
830 2923 976 2990 aliarum
991 2925 1118 3010 pennis
1134 2927 1269 2991 varium

201 3043 360 3100 ornatum
397 3033 463 3098 sibi
497 3035 633 3118 pararit
667 3033 742 3099 lori
776 3032 863 3098 adeo
891 3031 1088 3117 probatum,
1126 3040 1165 3097 ut
1199 3034 1270 3098 iam

202 3140 378 3206 victoriam
413 3141 444 3205 ei
480 3138 681 3204 decreturus
717 3148 815 3204 esset.
875 3139 966 3203 Tum
1001 3160 1082 3204 vero
1116 3140 1270 3226 primunr

202 3246 363 3328 hirundo,
400 3246 527 3314 deinde
571 3244 657 3311 aliae
693 3245 824 3311 multae
860 3266 941 3311 ares
965 3266 1045 3310 suas
1070 3246 1101 3310 ei
1136 3266 1271 3332 pennas

200 3353 401 3421 evellerunt:
428 3363 462 3419 et
486 3353 647 3436 cognitus
671 3361 722 3418 cst
746 3351 916 3437 graculus.

277 3459 482 3529 ⁴l'enustac
518 3458 657 3525 labulae
693 3461 729 3524 iu
766 3458 839 3524 eod.
871 3458 909 3523 A.
940 3458 1006 3522 hoe
1038 3458 1269 3545 epimythium

200 3567 426 3634 subiunctum
451 3574 524 3632 est:

306 3759 353 3831 ¹7²)
373 3762 469 3817 solius
500 3763 688 3830 paraphrasis
718 3760 798 3831 apud
818 3766 937 3814 Corace.
956 3776 1023 3829 pag.
1044 3758 1097 3814 160
1116 3758 1272 3827 epimythii

198 3868 302 3905 sensus
321 3852 422 3906 minua
440 3853 548 3919 placet.

305 3938 351 4011 ¹⁷³)
370 3941 510 3996 similiter
529 3940 725 3996 Passeratius:
765 3939 862 3994 'l'ide‘ee
900 3936 1066 3993 reniermee
1091 3938 1166 3991 dans
1196 3946 1273 3989 eette

198 4032 277 4086 table
306 4033 404 4084 aurait.
432 4047 473 4097 pu
502 4031 564 4083 etre
594 4030 744 4098 exprimec
775 4045 846 4082 aree
875 4031 943 4095 plus
981 4024 1154 4095 d'elcganec
1184 4036 1210 4077 et
1238 4023 1275 4075 de

199 4121 309 4173 talent'

1080 4221 1112 4275 Ἰ.
