2924 4786
638 317 681 323 -
705 279 747 340 ro
771 317 829 367 -.

195 456 466 542 suprascriptum
501 454 625 538 legitur
649 461 682 520 et
717 454 823 520 κακὸν
857 456 893 518 in
919 458 1047 525 κακῶν,
1072 461 1256 518 mutatum.

195 564 387 627 intextum
423 563 559 648 recepit,
597 583 702 646 quem
738 562 847 626 secuti
882 569 964 625 sunt·
999 559 1147 624 editores
1187 558 1258 625 lere

195 691 323 735 onmes.
372 670 499 734 (loritra
523 666 757 733 Eberhardius
786 675 818 732 et
842 667 1020 733 Nauckius
1052 668 1257 752 scripturam

197 798 318 842 manus
343 778 473 862 primae
498 777 604 840 κακόν
638 775 860 841 retinendum
885 784 917 839 et
953 775 1009 839 καὶ
1033 773 1122 842 inter
1157 795 1259 838 voees

196 886 225 948 τὶ
248 891 281 949 ct
305 883 411 948 κακὸν
435 881 699 948 intericiendum
728 890 946 947 censuerunt.
996 881 1108 962 Quam
1126 882 1258 945 ronice-

195 1004 307 1055 turam
332 990 394 1054 etsi
430 989 643 1053 lenissimam
679 1010 753 1053 esse
789 988 952 1062 concedo
989 1000 1106 1053 tamen
1143 1010 1258 1052 emen-

195 1097 368 1162 dationem
405 1118 531 1161 manus
554 1096 753 1161 recentioris
776 1093 931 1181 praefero
957 1094 1081 1161 collato
1121 1093 1189 1160 tao.
1217 1097 1259 1158 24

197 1226 292 1269 rersu
319 1206 349 1281 7,
375 1203 436 1268 ubi
460 1202 582 1268 eodem
618 1201 688 1267 lere
713 1202 818 1268 modo
853 1201 1001 1267 Babrius
1037 1202 1120 1266 dixit
1158 1206 1190 1266 ri
1211 1205 1259 1286 μὴ

196 1312 366 1394 πάθωμεν
379 1316 449 1376 τῶν
462 1316 587 1376 κακῶν.
608 1310 742 1374 Deinde
757 1309 854 1395 quod
863 1311 998 1374 monuit
1009 1308 1260 1374 Boissonadius

196 1420 230 1482 in
243 1426 396 1483 extruso
409 1440 509 1483 versu
522 1438 584 1503 pro
598 1416 672 1481 cod.
684 1416 713 1481 Α
727 1418 894 1502 scriptura
902 1415 1032 1498 sarug
1044 1414 1257 1480 inlinit-irum

195 1527 335 1608 πάσχειν
343 1524 563 1589 seribemlum
578 1547 651 1589 esse
667 1545 730 1589 sno
747 1526 820 1589 iuro
834 1545 956 1588 omnes
968 1523 1115 1587 editores
1129 1524 1257 1586 assensi

196 1631 350 1709 sunt:¹³⁸)
363 1631 615 1717 paenultimam
629 1632 722 1695 enim
737 1652 855 1697 versus
868 1631 1010 1714 longam
1034 1652 1107 1693 esse
1125 1651 1260 1714 semper

195 1748 255 1804 aut
279 1748 403 1803 natura
428 1748 466 1803 ut
502 1738 707 1823 plerumque
732 1747 793 1803 aut¹
821 1739 993 1823 positione
1029 1759 1082 1800 res
1105 1744 1154 1800 est
1180 1756 1259 1800 eon-

196 1845 352 1922 lcssa.¹³'⁰)
410 1845 501 1909 Nihil
537 1846 644 1928 igitur
682 1853 743 1911 est.
791 1866 852 1909 cur
891 1845 1002 1908 versui
1045 1845 1086 1906 lt)
1124 1843 1259 1907 medela

196 1960 329 2035 parata:
367 1951 441 2017 ἀλλ’
478 1951 609 2033 ἀρκέσει
646 1972 699 2017 σοι
732 1953 780 2033 μή
816 1972 847 2014 ιι
883 1956 952 2015 τῶν
980 1954 1097 2015 κακῶν
1120 1952 1261 2033 αιὶσχειν

196 2057 268 2130 tsed
292 2060 374 2124 satis
397 2059 462 2124 tibi
486 2061 547 2124 erit
572 2058 654 2123 mali
690 2057 776 2142 quid
812 2079 882 2122 non
908 2058 992 2142 pati)
1030 2057 1094 2120 hoc
1130 2057 1259 2141 opina·-

195 2165 306 2229 thium
324 2187 492 2244 sermone,
512 2164 705 2246 metroffill)
720 2164 881 2239 sensu¹⁴⁰l
895 2164 1258 2228 aeecmodatissimurn

196 2272 387 2337 reiciamus.

198 2377 263 2444 lab.
289 2379 341 2443 98.

199 2487 265 2551 lico
289 2485 460 2551 formosae
484 2485 620 2570 puellae
645 2508 761 2551 amore
787 2495 908 2572 captus
932 2509 1007 2551 eam
1034 2486 1097 2549 sibi
1116 2506 1258 2549 uxorem

197 2595 313 2678 poscit.
354 2593 456 2659 Pater
472 2592 674 2677 despondet,
693 2594 721 2658 si
737 2591 973 2658 formidabiles
985 2592 1107 2675 virgini
1125 2613 1260 2674 ungues

196 2712 229 2765 et
263 2701 385 2766 (lantes
420 2699 486 2764 sibi
520 2699 769 2785 praecidendas
806 2710 908 2763 curet.
958 2702 1035 2779 Quo
1071 2697 1162 2763 laeto
1192 2699 1257 2763 iam

196 2809 335 2873 inermis
358 2809 594 2872 obtruncatur.

197 2914 434 3000 Epimytlrium
459 2912 597 2978 labulae
621 2915 658 2978 in
682 2913 756 2978 eod.
782 2912 822 2977 A.
847 2913 1086 2977 stibium-tum:

196 3021 247 3100 aa,
261 3023 313 3085 21.
351 3022 456 3103 αὐτός
480 3043 528 3103 τις
552 3022 658 3086 αὑτὸν
681 3020 846 3086 λανθάνει
870 3025 985 3102 κακῶς
1009 3020 1147 3101 ὸριίαιις,

351 3127 401 3193 ὠν
425 3129 466 3192 οὐ
490 3131 621 3210 πέφυκε
644 3127 850 3211 μεταλαβεῖν
874 3128 957 3192 ὅταν
981 3125 1121 3210 σπεύδῃ.

302 3305 348 3375 ¹³³)
369 3308 442 3358 levis
469 3318 510 3356 est
542 3308 720 3361 coniectura.
749 3324 824 3371 quae
854 3306 996 3358 inlinitiri
1028 3305 1129 3355 formis¹
1159 3302 1259 3354 dedita

196 3413 283 3462 opera
312 3397 342 3448 in
363 3403 495 3446 extremo
521 3412 604 3447 versu
625 3413 640 3447 a
661 3397 769 3448 Bebrio
802 3397 914 3461 positis.
947 3405 975 3447 ut
1008 3396 1082 3444 liene
1112 3404 1257 3444 currerem

197 3501 296 3537 versus
316 3495 467 3540 (exeuntes,
497 3485 723 3537 eornmemlatur
760 3487 808 3538 rel.
838 3502 924 3551 supra
955 3483 1022 3535 adm
1055 3481 1103 3534 125
1128 3490 1154 3532 et
1176 3485 1259 3534 t'rus.

196 3577 304 3639 proleg.
325 3590 388 3640 para
410 3575 487 3625 XLV
507 3583 569 3639 ⁵11.)-

303 3662 348 3731 ru)
367 3663 435 3714 ride
455 3664 678 3730 sup1·apa2:.44;
701 3681 795 3729 neque
818 3680 885 3714 rero
906 3663 970 3715 lieri
984 3671 1088 3726 potest.
1111 3672 1137 3711 ut
1154 3661 1259 3710 l‘rusio

196 3754 347 3816 assentiar,
368 3753 417 3818 qui
440 3754 468 3803 in
490 3769 555 3818 app.
576 3755 642 3806 erit:
676 3752 736 3804 'sed
758 3752 836 3804 lraud
857 3754 918 3803 seio
938 3769 974 3802 ιιιι
996 3750 1146 3800 admiserit
1169 3749 1206 3800 α.’

303 3841 365 3908 1391ι)
386 3843 415 3893 iu
436 3850 576 3906 ‹prattuor
595 3842 809 3908 monosyllabis
829 3839 1009 3892 continuatis
1034 3855 1078 3889 oor
1099 3841 1139 3903 ιιι)
1161 3855 1182 3889 ιι
1207 3842 1261 3888 rere

197 3948 254 3983 uon
276 3930 457 3983 haerendum
478 3950 542 3980 esse
563 3931 647 3983 docet
669 3930 739 3985 aul
759 3932 786 3982 τί
810 3927 879 3982 ’.τιν’
903 3928 935 3995 rie
955 3929 992 3980 ι’ν.

303 4019 348 4085 μ0)
367 4021 402 4072 ri.
424 4020 620 4085 epimytlrium
641 4021 894 4086 paraplr..·luuust.
915 4015 1062 4068 sententia
1074 4014 1258 4064 simillimmu

197 4125 259 4175 pau
279 4109 313 4162 79
333 4115 387 4165 tm.
408 4109 522 4173 (muli.
