2924 4786
573 287 577 294 ·
708 295 908 363 -111--

274 480 388 558 potest
412 471 564 556 intellegi
589 493 694 556 quam
720 494 762 536 ex
777 493 861 537 vooe
885 473 996 556 πηρός
1018 472 1054 535 in
1072 478 1224 537 extremo
1241 493 1343 553 versu
1405 466 1409 473 ’

274 580 401 664 posita;
427 579 588 644 abhorret
613 579 704 643 enim
730 577 848 662 alege
871 578 939 658 illa,
965 599 1073 663 quam
1088 577 1255 644 Babrium
1277 577 1343 643 sibi

275 687 450 771 scripsisse
484 686 522 750 in
557 684 680 751 ultimo
716 685 992 750 oholiamborum
1027 684 1115 770 pede
1150 683 1343 749 Ahrensius

275 793 407 878 primus
431 800 522 857 reete
550 793 703 857 monuit:
742 812 879 857 summa
903 791 1081 875 diligentia
1104 791 1272 857 Babrium
1307 791 1343 855 id

276 899 459 978 studuisse,
495 906 535 964 ut
562 898 815 984 paenultimam
838 919 957 963 versus
992 897 1161 983 syllabam
1197 903 1342 962 aoeentu
1430 907 1435 918 ‘

275 1005 398 1085 feriret,
424 1027 495 1091 qua
517 1027 553 1071 re
577 1004 684 1084 fieret,
709 1013 749 1070 ut
771 1005 809 1068 in
832 1003 956 1069 ultimo
979 1026 1098 1070 versus
1122 1004 1210 1089 pede
1242 1002 1342 1068 eollo-

276 1121 435 1179 oarontur
451 1111 622 1179 voeabula
638 1110 692 1177 vel
708 1118 924 1198 paroxytona
940 1110 994 1176 vel
1010 1132 1072 1197 pro
1088 1112 1341 1196 perispomena,

275 1241 347 1285 non
371 1226 532 1306 oxytona‚
564 1224 854 1306 proparoxytona,
890 1216 1200 1304 perispomena.190)
1232 1217 1342 1300 πηρός

274 1328 380 1410 igitur
402 1347 472 1391 vox
488 1327 656 1411 quoniam
671 1324 927 1410 interpolatoris
943 1323 1103 1390 fraudem
1119 1321 1341 1407 coarguitlffl)

276 1434 508 1519 epimythium
531 1433 645 1511 reioio‚
669 1433 871 1517 praesertim
890 1454 976 1496 eum
1011 1452 1083 1495 non
1116 1431 1205 1496 bene
1242 1428 1342 1494 eadat

274 1542 312 1605 in
335 1538 558 1623 tabulam.1⁹2)
605 1539 749 1605 Poetam
773 1540 866 1604 enim
895 1539 960 1604 hae
995 1537 1115 1604 fabula
1150 1534 1341 1601 enarranda

275 1653 419 1732 apparet
441 1646 592 1711 voluisse
617 1667 681 1710 nos
706 1645 827 1710 dooere
851 1665 924 1710 non
949 1668 1031 1725 esse,
1068 1667 1129 1710 eur
1157 1665 1246 1728 quae
1270 1661 1342 1705 non

275 1762 336 1818 tua
360 1754 486 1818 virtute
511 1752 634 1838 (probo
666 1752 794 1817 soilioet
829 1752 964 1832 modo),
983 1753 1044 1818 sed
1079 1752 1191 1816 aliena
1226 1748 1341 1835 potius

276 1858 422 1925 stultitia
445 1881 530 1924 usus
565 1860 672 1945 (turpi
695 1859 823 1926 seilicet
846 1860 992 1944 rationo)
1028 1860 1175 1945 adeptus
1211 1858 1265 1934 sis,
1302 1875 1342 1918 ea

275 1966 436 2049 glorieris.
484 1965 630 2053 Propius
664 1967 770 2050 igitur
805 1989 910 2051 quam
947 1966 1178 2053 epimythium
1202 1962 1275 2027 eod.
1300 1959 1339 2024 A.

276 2072 432 2138 versibus
470 2072 645 2138 inclusum
684 2072 823 2139 fabulae
863 2074 980 2138 sensui
1016 2071 1147 2138 aooedit
1184 2069 1341 2156 pedestre

229 2246 232 2253 ,
275 2181 513 2265 promythium
535 2180 754 2266 paraphrasis
770 2178 997 2245 Bodleianae:
1023 2179 1075 2245 ότι
1091 2178 1132 2244 οὐ
1150 2177 1203 2242 dei
1216 2178 1342 2259 τυφοῦ-

277 2285 360 2351 σόαι
383 2286 464 2367 τοὺς
489 2286 529 2351 δι’
555 2287 675 2369 αἰσχρὰ
698 2287 944 2367 πλουτοῦντας.

276 2391 345 2458 lab.
371 2393 422 2456 33.

277 2498 474 2564 Sementem
505 2506 694 2585 postquam
724 2497 805 2563 feeit
832 2500 981 2584 agricola
1005 2507 1143 2566 sturnos
1167 2505 1201 2562 et
1224 2516 1340 2580 graou·

277 2627 315 2669 os
353 2606 486 2671 semina
525 2605 682 2690 legentes
717 2606 924 2673 observabat
955 2630 1034 2672 oum
1061 2625 1170 2691 puero
1194 2601 1342 2667 fundam

383 2781 429 2849 19⁰)
450 2784 486 2837 ef.
506 2783 576 2836 dise.
597 2784 643 2836 ‘de
663 2786 738 2837 erasi
758 2790 788 2837 et
807 2786 968 2851 apliaeresi'
988 2801 1052 2851 pag.
1063 2782 1105 2837 31.
1125 2813 1161 2821 —
1178 2783 1268 2833 Reote
1282 2779 1341 2829 iam

278 2872 410 2923 Hochius
438 2873 562 2924 miratus
591 2877 643 2937 est,
672 2872 753 2938 quod
781 2875 853 2925 haee
873 2875 921 2924 lex
942 2890 958 2924 a
978 2875 1008 2927 L.
1028 2873 1143 2924 Ahrens
1172 2870 1288 2922 detecta
1312 2871 1342 2917 ot

276 2960 348 3011 satis
368 2966 467 3025 aperte
488 2963 526 3013 ob
547 2962 648 3012 oeulos
676 2961 774 3026 posita
802 2961 909 3026 effugit
928 2962 1159 3026 Larhmannum
1189 2959 1239 3024 qui
1268 2956 1342 3008 alias

276 3049 347 3100 artis
367 3049 532 3100 Babrianae
552 3050 632 3114 leges
652 3048 690 3100 ad
710 3052 865 3101 aduentum
885 3055 1052 3115 spectantes
1072 3050 1165 3101 nimia
1192 3045 1342 3099 interdum

276 3137 443 3188 subtilitate
463 3137 662 3204 investigavit.

384 3223 429 3289 191)
451 3241 616 3292 caveamus
636 3243 673 3278 no
694 3244 760 3279 rum
772 3228 898 3294 Bergkio
918 3229 990 3280 talia
1010 3227 1168 3280 emendare
1188 3225 1341 3279 ooiiomurl

277 3315 333 3378 Qui
365 3315 590 3381 'opimythium'‚
619 3316 724 3382 inquit,
759 3317 840 3367 ‘sa-tis
873 3323 1052 3383 suspectum,
1081 3304 1262 3382 quamquam
1288 3328 1342 3378 pro

276 3405 371 3470 πηρός
389 3404 514 3457 fortasse
535 3411 629 3471 πόρος
648 3410 764 3471 poterat
783 3405 881 3470 scribi,
901 3410 934 3456 ut
953 3407 1051 3472 Ι11111ρὸς
1071 3412 1100 3458 et
1118 3411 1217 3472 μῶρος
1237 3402 1340 3456 variari

277 3493 410 3544 solebat'.
449 3493 496 3559 (of.
526 3493 615 3547 Autli.
645 3495 697 3559 lyr.
727 3492 820 3559 11868)
849 3495 922 3559 prol.
952 3495 1014 3548 erit.
1043 3511 1107 3560 pag.
1137 3495 1240 3562 XXV.)
1284 3490 1342 3543 Sed

276 3581 445 3647 elitigerunt
465 3598 540 3648 1111111,
561 3599 636 3647 qiiae
656 3582 853 3649 Herodianus
880 3583 1078 3649 peritissimus
1098 3583 1148 3635 ille
1177 3581 1341 3650 prosodiae,

277 3672 330 3721 liar
351 3669 387 3720 de
408 3687 437 3721 re
458 3669 613 3724 disseruit:
644 3674 679 3726 ri.
704 3672 812 3725 Herod.
833 3672 878 3724 ed.
899 3674 990 3724 Lontz
1010 3675 1030 3739 I,
1059 3690 1123 3740 pag.
1145 3672 1205 3738 190,
1233 3671 1342 3736 quibus

277 3760 374 3810 vorbis
402 3758 565 3812 Herodiani
596 3768 698 3828 poetas
727 3764 821 3828 πηρός
849 3777 965 3828 semper
993 3767 1157 3829 oxytonum
1185 3775 1342 3827 usurpasse

277 3849 414 3913 vognosoi
435 3854 541 3914 potest.

385 3934 429 4001 11’2)
450 3938 485 3991 ef.
506 3940 676 4006 Maehlyum
696 3941 725 4005 11.
745 3941 763 3991 l.
783 3955 848 4006 pag.
869 3940 932 4003 322)
959 3946 988 3993 et
1007 3940 1144 3992 (irusium
1174 3941 1217 4008 (in
1237 3939 1342 4004 Pauly-

279 4025 438 4077 Wissowae
458 4028 539 4078 Roal.
560 4029 718 4094 Eneyelop.
739 4031 795 4081 vol.
810 4028 1008 4096 1110126111),
1028 4031 1078 4095 qui
1099 4030 1234 4095 ineptum
1254 4028 1342 4079 huius

277 4112 432 4179 vpimythii
454 4132 575 4167 sensum
594 4118 838 4182 perstrinxerunt.
