2924 4786
550 306 728 369 -57-

213 485 260 564 εἰς
290 482 391 547 πόλιν
419 481 461 546 ἄν
491 484 582 547 εἴποι
609 483 668 547 τὸν
698 483 800 565 λόγον
824 505 874 565 τις
898 485 1064 549 Αἰσώπου

106 589 286 659 similibus,
319 589 380 653 sed
411 611 482 654 una
513 611 593 653 eum
624 589 789 655 omnibus
813 589 883 655 iere
908 590 1099 656 editoribus
1123 613 1172 655 re-

105 696 206 760 tineri
230 716 331 782 posse
356 695 429 760 eod.
455 696 494 760 A.
521 697 725 781 scripturam
750 697 919 762 existimo.

106 818 175 885 iah.
200 821 252 885 41.

108 928 281 993 'Lacertus
306 929 456 1013 serpenti
480 950 515 991 se
540 935 752 1012 aequaturus
780 927 998 1012 longitudine
1027 929 1172 993 disrum-

106 1035 220 1120 pitur.'

108 1141 356 1227 Epimpthium,
383 1141 478 1227 quod
502 1143 538 1205 in
563 1141 637 1206 eod.
663 1141 702 1206 A.
728 1141 868 1226 legitur:

105 1250 159 1318 41,
174 1249 202 1313 3.
239 1248 385 1332 βλάψεις
409 1248 610 1332 σεαυτὸνῐθῑ)
634 1249 757 1315 κούὁὲν
781 1248 866 1315 ἄλλο
890 1254 1053 1333 ποιήσεις,

241 1354 283 1420 ἂν
307 1356 367 1421 τόν
392 1376 428 1421 σε
452 1356 529 1421 λίαν
551 1357 762 1439 ὑπερέχοντα
784 1359 926 1441 μιμήσῃ.

108 1462 224 1528 Babrii
240 1470 301 1540 est,
327 1463 396 1527 sive
414 1461 569 1528 fabulam
587 1462 859 1545 decurtatam¹0²)
883 1486 956 1528 esse
978 1485 1173 1537 censemus

108 1576 147 1634 ut
159 1569 669 1648 Boissonadius,Ebe1·hardius‚
684 1568 960 1648 Rutheriordius,
974 1569 1174 1653 Crusius103)

106 1675 302 1754 voluerunt,
320 1678 390 1741 sive
407 1675 646 1760 integra111.¹⁰⁴)
671 1676 798 1742 Versus
811 1678 905 1742 enim
918 1677 1014 1741 omni
1027 1685 1060 1742 et
1072 1678 1174 1741 metri

107 1790 142 1847 et
159 1785 326 1848 sermonis
350 1785 434 1848 vitio
460 1792 576 1849 carent
594 1785 794 1869 optimeque
815 1784 946 1849 eadunt
969 1785 1006 1848 in
1031 1806 1173 1848 sensum

106 1888 258 1954 fabulae.

107 2012 176 2079 fab.
201 2015 254 2079 43.

110 2120 184 2186 ‘Siti
201 2130 345 2188 vexatus
369 2123 414 2187 ad
431 2145 560 2208 aquam
584 2122 657 2186 ibat
674 2143 808 2187 cervus:
835 2122 896 2187 ubi
913 2144 993 2187 oum
1012 2123 1174 2193 venisset,

109 2227 194 2292 dum
218 2237 344 2294 astaret
368 2252 490 2315 aquae.
516 2231 553 2294 in
577 2251 618 2294 ea
639 2251 674 2293 se
692 2229 777 2294 vidit
794 2238 827 2295 et
844 2250 1014 2294 cornuum
1031 2228 1175 2313 quidem

109 2356 238 2400 nexum
273 2338 417 2401 miratus
453 2338 627 2402 accusarit
670 2335 799 2423 pedum
834 2335 1081 2402 infirmitatem.
1129 2334 1177 2400 At

109 2451 289 2508 venatores
314 2445 595 2529 supervenientes
619 2443 750 2530 pedum
774 2445 975 2530 pernicitate
1000 2466 1060 2529 per
1085 2465 1175 2508 earn·

109 2571 194 2635 pum
219 2548 355 2633 effugit:
388 2553 424 2615 in
449 2550 570 2615 silvam
595 2559 713 2616 aut-ern
738 2550 882 2615 densam
907 2552 1081 2633 ingressus
1105 2570 1174 2614 eor-

109 2656 213 2721 nibus
236 2659 326 2722 inter
349 2659 489 2722 frutices
512 2658 688 2743 implicitis
712 2666 834 2743 eaptus
859 2661 930 2722 est?

218 2888 261 2954 ¹⁰¹)
281 2906 435 2956 perperam
464 2888 680 2941 Boissonadius
708 2889 825 2956 scripsit
856 2891 987 2954 σεαυτήν,
1016 2887 1176 2954 quodiam

111 2977 244 3030 Baiterus
258 2987 336 3031 reete
352 2979 465 3031 reieeit:
486 2980 561 3031 ‘Non
576 2978 613 3031 ad
626 2979 785 3044 lacertam,
804 2979 911 3043 inquit,
932 2978 1000 3029 'iam
1010 2977 1176 3044 disruptam

110 3065 250 3119 dii-untur
268 3069 300 3119 hi
319 3067 380 3120 duo
399 3085 508 3133 versus,
529 3068 582 3119 sed
602 3076 672 3119 sunt
691 3069 888 3135 epimythium
908 3075 996 3133 atque
1011 3068 1178 3134 appellatur

110 3155 207 3213 homo,
227 3158 278 3222 qui
298 3158 439 3209 fabellam
459 3157 530 3222 legit
550 3159 594 3209 rol
616 3156 717 3208 audit*

216 3243 717 3314 10‘2)Eberhardius,Rutherfordius‚
725 3246 846 3297 Crusius
858 3262 925 3296 eum
935 3246 1101 3297 mutilatam
1112 3252 1176 3295 tan·

110 3342 173 3385 tum
183 3335 315 3387 fabulam
327 3342 489 3400 censerent,
502 3335 604 3386 Fixius
615 3350 667 3401 pro
678 3336 777 3401 spuria
788 3340 881 3386 totam
892 3334 1004 3393 habuit,
1016 3333 1086 3398 quia
1096 3331 1176 3383 idem

110 3432 317 3485 argumentum
336 3424 366 3474 in
387 3424 445 3476 fab.
466 3423 500 3476 28
520 3440 536 3475 a
556 3424 665 3476 Bebrio
684 3430 843 3475 tractatum
862 3428 948 3474 esset.
987 3423 1082 3485 Quam
1111 3438 1177 3473 reati·
1199 3449 1204 3458 ·

110 3528 172 3563 sam
192 3529 256 3565 esse
276 3514 390 3565 nullam
410 3514 459 3564 vix
479 3529 553 3579 opus
573 3520 616 3564 est
637 3530 765 3565 monere.

217 3601 262 3665 ΠΒ)
283 3603 470 3668 paraphrasis
482 3603 624 3666 Parisino,
645 3619 702 3668 qua
714 3602 819 3653 (Trosio
830 3600 966 3653 videatur
979 3599 1177 3653 demonstrari

110 3690 242 3743 fabulam
262 3691 446 3743 decurtatam
466 3708 539 3755 esse,
560 3692 632 3742 mihi
653 3707 713 3742 non
734 3707 802 3757 prae
823 3691 962 3743 manibus
982 3696 1051 3741 erat.

218 3779 262 3834 ¹⁰¹)
283 3782 324 3831 sie
345 3779 589 3832 Sehneidewinus
617 3779 763 3844 (Gotting.
783 3782 838 3840 gel.
859 3781 930 3832 Anz.
946 3778 1022 3834 1845.
1043 3794 1107 3844 pag.
1121 3777 1175 3846 28).

110 3885 237 3933 quorum
258 3871 447 3921 consentiunt
463 3870 676 3933 Lar-hmannns,
698 3869 848 3925 Leu'isius.
871 3869 1026 3928 Berakius:
1047 3873 1177 3918 ueterum

110 3958 301 4010 eonierantur
332 3958 458 4010 Phaedri
491 3960 570 4011 sabb.
600 3961 621 4017 Ι,
651 3958 679 4013 7:
709 3959 754 4021 IV,
776 3957 821 4013 lo:
853 3959 899 4015 lv,
920 3957 962 4012 24.
992 3972 1067 4021 <luae
1097 3956 1176 4007 simi-

111 4047 177 4098 liter
196 4052 335 4100 constant
354 4064 389 4099 ex
410 4049 544 4099 versibus
564 4047 681 4099 duobus
701 4049 866 4114 epimytliio
886 4046 1013 4098 duorum
1039 4062 1177 4097 versuum

111 4134 260 4190 adiuncto.
