2924 4786
619 293 726 357 ..51

175 487 248 553 ἀλλ’
266 487 525 554 ὑποτάσσεσθαι
541 489 597 553 καί
613 489 827 556 ύιιακούειν’.·
852 511 942 574 quae
960 490 1021 575 qui
1035 493 1244 579 conscripse-

174 596 215 658 rit
240 594 442 680 epimpthia,
468 617 549 659 eum
575 603 656 661 ante
680 595 799 662 oeulos
822 596 986 662 habuisse
1011 599 1243 683 epimythium

174 700 260 766 illud
285 700 498 766 Babrianum
522 723 602 767 eum
627 724 669 767 ex
691 708 765 767 tota
788 703 921 768 ratione
946 703 1085 769 dicendi
1107 712 1184 770 tum
1201 728 1244 771 ex

175 808 318 872 vocibus
346 813 538 889 κρατοῦσιν,
563 809 712 874 ὑπείκειν
737 808 950 896 (ὑπακούειν)
967 810 1037 875 iam
1053 811 1243 896 intelleges.

176 914 415 1000 Epimythium
440 935 532 993 vere,
558 914 655 1000 quod
682 913 822 980 fabulae
845 916 1067 1002 paraphrasis
1090 919 1133 983 H.
1160 919 1246 984 ΠΨ»

174 1021 329 1087 additur:
356 1022 374 1087 ὁ
397 1022 513 1106 μύύος
538 1021 648 1106 ὁηλοῐ,
674 1021 726 1088 ὅτι
750 1021 841 1088 ούσω
866 1023 923 1087 καὶ
947 1024 979 1087 οἱ
994 1023 1083 1106 πρὸς
1098 1024 1159 1090 σὸν
1173 1049 1249 1091 καιν

175 1129 235 1208 ρὸν
286 1131 342 1194 καὶ
388 1129 470 1210 σούς
515 1132 711 1210 κρείσσονας
757 1129 873 1194 αὐτῶν
910 1130 958 1214 μὴ
998 1129 1245 1215 άνύισσάμενοι

174 1239 363 1318 κρείττονάς
390 1239 451 1302 εἰσι
475 1241 545 1301 τῶν
569 1235 657 1317 πρὸς
684 1234 842 1318 μείζονας
877 1236 1174 1319 φιλονεικούντων,
1214 1241 1244 1303 si

176 1365 247 1407 non
278 1343 401 1421 verbis,
444 1343 549 1408 rebus
581 1354 699 1408 tamen
730 1364 810 1408 eum
841 1342 1033 1428 epimythio
1064 1343 1245 1410 Babriano

174 1451 351 1527 eonvenit3
395 1458 571 1536 praeterea
613 1449 964 1515 animadvertendum
1012 1458 1063 1516 est
1103 1450 1169 1516 hae
1203 1453 1241 1517 in

175 1556 377 1643 paraphrasi
411 1557 516 1622 etiam
546 1557 658 1642 ipsius
681 1554 821 1622 fabulae
846 1559 1080 1623 narrationem
1105 1556 1245 1624 differre

174 1686 193 1728 a
217 1661 337 1729 fabula
361 1663 544 1742 Babriana
568 1663 605 1728 id
629 1662 725 1748 quod
745 1665 815 1729 iam
832 1686 874 1728 ex
890 1664 989 1729 initio
1006 1666 1242 1748 cognoscitur:

175 1770 240 1836 ’άιά
264 1775 444 1853 καρτερίαν
466 1773 522 1836 καὶ
545 1772 687 1854 ἡσυχίαν
711 1773 767 1836 καὶ
790 1771 885 1854 ἰσχύν
904 1771 1059 1854 κάλαμος
1074 1773 1130 1837 καὶ
1145 1771 1246 1837 ἐλαία

176 1877 302 1962 ἤριζον·
335 1883 396 1944 τού
425 1877 460 1943 ὁὲ
485 1878 642 1960 καλάμοο
665 1877 734 1943 ὑπὸ
758 1883 820 1962 τῆς
843 1877 960 1960 ἐλαίας
983 1878 1242 1962 ὀνειύιζομένον,

175 1985 224 2067 ὡς
260 1985 431 2067 άὸύναιύς
460 1985 531 2051 ἐστι
561 1987 618 2050 καὶ
649 1984 776 2067 ῥᾳδίως
805 1985 1024 2050 ύσοκλίνεται
1055 1990 1139 2052 πᾶσι
1169 1993 1246 2068 τοῖς

174 2092 321 2176 ἀνέμοις,
346 2092 365 2156 ὁ
389 2092 543 2175 κάλαμος
567 2091 668 2157 ούὸἑν
691 2090 881 2174 ἐφύέγξατο
900 2143 906 2156 .
926 2143 932 2157 .
952 2143 959 2157 .
983 2090 1080 2174 Quae
1097 2114 1178 2158 eum
1193 2094 1246 2158 ita

174 2199 252 2275 sint,
277 2198 455 2263 Duehneri
477 2197 536 2264 illa
560 2220 632 2263 non
655 2198 773 2263 valent
796 2197 841 2263 ad
864 2198 1095 2283 epimythium
1111 2197 1180 2264 iah.
1199 2199 1245 2263 36

174 2306 446 2391 pulcherrimum
480 2305 777 2392 proscribendum,
814 2326 854 2370 ao
890 2325 953 2370 suo
988 2306 1062 2370 iure
1094 2305 1245 2372 editores

173 2411 444 2495 retinuerunt.⁹⁴)

174 2518 241 2583 tab.
268 2520 319 2583 38.

174 2626 376 2710 Lignatores
391 2628 485 2712 pirre,
508 2647 615 2710 quam
632 2625 847 2704 scindebant,
864 2626 1086 2690 immiserunt
1102 2644 1242 2690 euneos.

174 2733 264 2797 Tum
299 2734 403 2819 pinus
438 2732 668 2816 gemibunda:
713 2735 795 2796 ‘non
833 2740 906 2797 tam
945 2733 1077 2810 securi',
1116 2732 1243 2816 inquit,

175 2841 310 2905 'irascor
341 2862 449 2925 quam
485 2841 613 2917 cuneis,
651 2841 712 2924 qui
747 2847 893 2922 cognata
928 2838 1043 2903 radice
1078 2840 1151 2903 nati
1185 2860 1243 2903 me

173 2951 361 3033 rumpunt'.

173 3054 414 3139 Epimpthium
438 3052 576 3121 fabulae.
602 3056 637 3119 in
662 3054 735 3119 eod.
761 3053 800 3118 A.
827 3052 1068 3119 subiunctum:

218 3163 269 3239 38,
284 3163 313 3226 8.
340 3162 359 3227 ὁ
382 3162 498 3244 μῦθος
520 3164 603 3246 ἡμῖν
628 3165 729 3226 σούσο
753 3164 856 3225 πᾶσιν
878 3161 1009 3243 μηνύει,

334 3269 383 3350 ὡς
407 3267 507 3334 aanor
531 3268 623 3334 ούσω
648 3266 758 3332 ύεινόν
782 3264 824 3330 ἂν
846 3267 904 3331 ὑπ’
930 3265 1132 3346 ἀνθρώπων

333 3375 463 3457 πάύοις
486 3397 517 3440 τι
538 3380 608 3441 τῶν
632 3374 761 3456 ἔξωύεν
786 3373 834 3455 ὡς
859 3373 914 3437 ὑπ’
940 3374 1082 3437 οἰκείων.

174 3485 208 3547 in
233 3482 373 3549 fabulae
398 3504 539 3547 sensum
564 3481 686 3547 eadere
710 3502 824 3564 neque
849 3479 1017 3544 sermonis
1048 3477 1242 3563 quidquam

173 3591 346 3676 praebere.
372 3588 467 3674 quod
492 3589 645 3654 alienum
671 3588 713 3651 sit
739 3609 758 3651 a
783 3586 920 3664 Bahri0‚
957 3606 1079 3651 onmes
1103 3606 1243 3650 neeesse

174 3706 223 3763 est
248 3697 486 3783 profiteantur.
535 3695 684 3780 hiaehlyi
702 3702 830 3761 autem.
857 3695 916 3777 qui
931 3692 996 3756 hor
1011 3691 1240 3778 epimythium

279 3946 314 4017 Μ)
342 3947 528 3999 simillimum
560 3952 602 3996 nst
633 3942 733 3995 indole
763 3943 818 3993 hor
848 3941 1045 4008 epimythium
1069 3941 1128 3993 fab.
1154 3939 1195 4005 18,
1215 3955 1242 3992 ν.

176 4035 208 4087 15
245 4053 296 4101 sq..
334 4036 413 4102 quod
451 4035 649 4102 epimythium
679 4032 779 4084 Balnii
810 4047 874 4081 osse
904 4046 993 4095 ¹supra
1022 4030 1243 4082 demonstrasse

174 4125 247 4177 mihi
267 4125 377 4177 videor.

1048 4227 1079 4278 4·
