2924 4786
626 303 757 366 --lld
782 340 825 348 —
901 350 903 355 ι

194 487 361 563 portante.
425 480 541 543 Stulni
583 479 642 544 ubi
682 474 943 564 intellexerunt,
971 479 1120 546 lundam
1161 480 1258 546 illurn

195 584 377 669 postulare,
409 584 600 669 fugiebant.
661 584 774 667 Quare
804 586 953 670 agricola
978 588 1169 672 composito
1193 588 1259 668 ho(-

195 690 283 770 dolo,
317 699 355 758 ut
383 712 510 777 panem
542 700 673 778 peteret
696 693 780 778 ipse,
805 715 893 779 puer
915 713 988 758 non
1011 715 1139 780 panem
1164 693 1260 760 daret

196 797 255 863 sed
289 783 448 877 tundant,
479 820 559 864 ares
583 798 736 883 fugabat.
784 799 1014 884 Fugientibus
1038 800 1177 867 obviam
1201 799 1259 866 fie-

195 904 278 970 hant
295 927 406 987 grues,
424 907 552 991 quibus
569 904 671 991 fugae
689 928 830 972 oausam
847 907 1109 992 exquirentibus
1120 928 1260 994 respon-

196 1010 298 1087 debat
322 1032 415 1076 unus
438 1014 670 1095 graculorum:
935 997 943 1014 ⁹

239 1146 290 1210 22.
418 1162 421 1166 ’
756 1150 888 1231 φεύγετ’
914 1147 1116 1229 ἀνθρώπων

328 1256 424 1335 γένος
446 1255 610 1337 πονηρόν,
635 1253 723 1319 ἄλλο
746 1254 810 1337 μὲν
834 1254 922 1337 πρὸς
945 1254 1117 1338 ἀλλήλους

327 1360 444 1426 λαλεῖν
466 1360 666 1444 μαθόντων,
692 1359 780 1426 ἄλλο
804 1360 833 1426 d'
858 1361 938 1444 ἔργα
962 1363 1164 1428 ποιούντων,

199 1501 234 1565 ln
270 1502 362 1568 hisee
393 1504 503 1588 ipsius
525 1501 666 1569 fabulae
688 1504 847 1569 versibus
870 1503 1001 1569 ultimis
1025 1503 1164 1590 apologi
1187 1525 1261 1569 sen-

195 1610 338 1674 tentiam
374 1599 570 1695 eirpressam
604 1618 721 1695 patere
771 1612 841 1676 iam
879 1610 994 1676 huius·
1023 1611 1060 1675 in
1100 1609 1257 1676 disserta·

196 1715 298 1780 tionis
333 1725 429 1801 parte
457 1714 702 1805 primaAt'usius
731 1713 978 1803 eriplioavimus
1007 1715 1060 1800 (of.
1086 1738 1163 1803 pag.
1192 1717 1257 1798 15).

198 1822 361 1887 ⁴lttar'nen
397 1822 544 1887 editores
580 1822 723 1905 quidam
759 1832 798 1888 ut
838 1824 985 1890 Orellius
1031 1823 1260 1909 Baiterusque

199 1928 355 1993 Weisius.
380 1924 557 2012 Leu'isius,
594 1927 862 1994 Boissonadium
886 1933 995 1995 secuti
1020 1931 1261 2016 epimythium.

197 2035 292 2118 quod
317 2035 353 2096 in
378 2032 451 2097 rod.
477 2033 516 2097 A.
542 2031 681 2099 tabulae
706 2034 932 2120 subiunctunr
957 2044 1024 2100 est:

241 2176 294 2239 33.
308 2175 359 2238 25.
397 2174 447 2240 ὅτι
473 2174 584 2240 ὁεινόν
607 2175 646 2240 τὸ
664 2177 775 2259 φῦλον
792 2181 862 2242 τῶν
879 2175 971 2260 δόλῳ
989 2200 1020 2242 τι
1036 2179 1263 2259 πραττόντων

198 2290 401 2368 receperunt
423 2283 460 2347 in
484 2290 635 2348 textum:
672 2283 845 2349 sanabant
869 2291 985 2348 autem
1011 2283 1176 2350 claudum
1192 2305 1263 2349 rer-

197 2412 273 2455 suni
299 2390 426 2455 omissa
449 2411 533 2456 roee
557 2389 617 2456 ὅτι,
665 2391 786 2476 Neque
803 2411 884 2457 vero
900 2399 991 2456 reete
1008 2389 1129 2457 fecisse
1146 2390 1263 2456 riden-

198 2512 261 2562 tur.
311 2497 388 2562 Non
413 2498 506 2561 enirn
531 2498 761 2583 epimythium
785 2498 895 2563 habes
920 2519 939 2563 a
964 2496 1091 2563 Bebrio
1108 2496 1264 2562 versibus

196 2605 380 2682 inclusum,
406 2602 467 2667 sed
483 2611 535 2668 est
550 2602 709 2688 pedestre
733 2605 975 2689 epimythiunr,
1000 2605 1037 2667 in
1055 2623 1125 2689 quo
1142 2604 1265 2667 insunt

197 2710 474 2776 ‹·lroliarnl›0uun
500 2710 651 2793 vestigia.
700 2710 752 2774 Do
776 2710 905 2794 quibus
922 2708 1088 2787 conteras
1114 2708 1263 2793 quaein

198 2819 373 2902 prooemio
409 2818 510 2902 quasi
544 2817 650 2882 huius
687 2816 936 2882 dissertationis
971 2813 1084 2881 fusius
1120 2813 1264 2879 disserui

197 2940 285 3010 (pag.
326 2927 353 3001 1,
390 2924 469 2990 adn.
507 2926 550 3009 3).
603 2924 708 2992 Recte
740 2933 858 2991 autem
882 2944 938 2988 me
961 2922 1027 2988 huo
1052 2921 1095 2987 do
1118 2942 1154 2985 re
1178 2919 1265 2985 iudi-

197 3030 348 3105 rassell'l)
385 3031 642 3097 ‹lernonstratur
677 3031 876 3098 tabidarum
900 3030 1058 3097 versibus
1089 3029 1198 3109 71,1]
1233 3038 1267 3092 et

203 3140 239 3202 12
264 3150 369 3222 atque
394 3137 447 3215 83,
461 3138 558 3215 6-8,
584 3159 732 3221 quarum
759 3140 950 3225 opimythia
975 3139 1131 3205 similiter
1146 3157 1166 3200 a
1182 3154 1265 3200 rooe

197 3246 246 3310 ὅτι
282 3244 484 3328 iusipientia
519 3244 635 3327 spuria
664 3252 747 3309 sunt
770 3254 958 3329 carentque
982 3254 1102 3321 metm,
1129 3263 1198 3327 qua
1222 3241 1265 3306 de

198 3375 231 3414 u·
266 3349 356 3415 iulra
392 3369 502 3432 agani.
551 3348 680 3415 Verum
717 3361 754 3416 ut
791 3350 843 3416 ὅτι
865 3370 949 3415 rooe
986 3349 1098 3415 deleta
1125 3369 1262 3413 rersunr

198 3458 374 3522 restituero
409 3455 520 3523 liceat.
556 3469 675 3522 tauron
710 3467 789 3543 post
824 3456 979 3523 fabulam
1004 3476 1178 3554 ‘versuum
1221 3456 1264 3518 24

197 3561 386 3628 versu-ulus
398 3562 454 3627 ille
469 3584 562 3628 unus
575 3564 782 3627 sententiam
800 3563 942 3648 praebet
955 3583 1027 3628 uon
1039 3560 1263 3645 vaniloquam

198 3670 308 3733 solum
347 3678 376 3732 rt
405 3667 592 3749 vulgarem.
618 3668 679 3733 sed
714 3669 818 3732 etiarn
851 3668 954 3753 plano
990 3663 1202 3752 superfluam
1231 3678 1263 3731 et

304 3854 350 3909 ¹⁵¹³)
371 3855 579 3907 Laclrnrauuus
599 3856 657 3908 ianr
677 3853 758 3906 idem
771 3853 889 3906 ridetur
901 3854 1047 3909 sensisse:
1067 3853 1263 3919 epimythiunr

197 3947 278 3998 eninr
298 3960 357 3997 uon
388 3944 529 3996 raurellis
557 3944 679 3997 seclusit
707 3950 741 3994 ut
769 3951 873 4003 cetera,
903 3941 939 3993 de
968 3941 1078 4008 quibus
1106 3938 1265 3997 dubitaret.

198 4035 370 4103 epiruytlria.
390 4033 444 4086 sod
465 4033 494 4086 ‘ru
515 4039 689 4101 apparatum
709 4032 844 4084 rritiruru
864 4032 984 4098 reropit.
1004 4031 1035 4083 in
1046 4044 1105 4095 quo
1117 4026 1266 4095 pedestria

197 4124 361 4191 epiruytlrio
382 4122 446 4175 rod.
467 4124 500 4177 A.
521 4123 722 4176 enumerabat.

1073 4224 1104 4275 ⁸.
