2924 4786
637 289 815 352 „84-

193 468 423 556 epimythium
461 469 499 532 iu
532 466 644 532 tribus
679 464 949 552 paraphrasibus
990 464 1261 550 exprimitu1·.1⁴⁷)

196 575 294 657 Quae
320 597 398 639 cum
423 576 471 640 ita
496 574 574 652 sint,
599 575 669 639 iam
693 572 910 649 Duebnerus,
937 573 1097 657 quamvis
1121 593 1262 638 severus

193 689 282 748 esset
310 683 348 746 in
385 681 583 767 epimythiis
631 678 872 753 diiudicandis,
916 678 982 744 hoo
1030 679 1259 765 epimythium

195 788 313 854 Babu'i
337 810 410 853 esse
434 788 570 873 putarit
594 789 683 872 (pag.
710 787 776 870 67.)
801 792 833 850 01
863 793 953 852 10010
976 786 1040 850 tiri
1076 785 1261 851 1100111011

196 917 318 960 omnes
341 894 569 960 Duebnerum
594 895 702 959 secuti
726 899 816 957 sunt.
866 879 934 957 Eos
957 913 1047 970 vere,
1074 894 1135 977 qui
1159 892 1261 958 hosce

198 1023 317 1068 101818
334 1002 617 1088 proscripserunt,
643 1021 714 1064 non
732 1006 793 1078 est,
811 999 907 1085 quod
923 1020 1092 1065 curemus.
1140 1000 1261 1084 Neque

194 1110 288 1175 enim
323 1107 567 1186 Eberhardius,
608 1128 714 1193 quare
746 1128 865 1172 tersus
901 1106 1039 1171 uncinis
1075 1106 1262 1172 secluserit.

196 1217 357 1301 exposuit
387 1236 512 1299 neque,
547 1213 643 1301 quod
666 1213 824 1279 Hoehius
849 1213 1056 1297 excogitavit
1080 1216 1170 1299 (pag.
1197 1214 1261 1298 26).

196 1322 240 1388 ad
265 1321 453 1387 delendum
481 1321 547 1386 hoc
572 1319 804 1407 epimythium
828 1320 1017 1405 quicquam
1046 1320 1147 1386 valet.
1196 1320 1261 1401 Qui

197 1428 240 1493 ab
266 1427 389 1494 eodem
425 1428 567 1492 homine
592 1427 789 1504 christiano,
826 1429 925 1492 cuius
960 1427 1192 1514 epimythium
1221 1428 1262 1492 sit

196 1534 265 1601 fab.
293 1535 366 1613 107,
392 1533 457 1598 hoc
482 1533 714 1621 epimythium
738 1531 877 1598 fabulae
905 1533 967 1597 119
992 1532 1167 1599 adiectum
1191 1558 1262 1599 csse

196 1643 359 1729 opinatus
383 1649 443 1718 est,
474 1642 604 1727 quippe
629 1640 684 1708 oui
708 1637 895 1706 offensioni
930 1638 1033 1706 fuerit
1058 1662 1171 1706 novus
1195 1641 1260 1706 1110.

197 1749 258 1833 qui
292 1749 330 1812 in
364 1746 483 1814 fabula
518 1746 690 1826 laudetur,
717 1746 861 1812 deorum
897 1746 1020 1813 cultus.
1067 1747 1261 1813 Ridiculam

198 1876 281 1920 sane
321 1876 471 1932 oausam,
513 1875 621 1940 quam
660 1874 723 1919 suo
762 1855 836 1919 iure
871 1861 950 1940 post
979 1854 1166 1933 Hochium,
1203 1856 1261 1941 qui

197 1961 314 2027 Babrii
350 1959 487 2027 fabulas
515 1968 774 2040 recensuerunt,
800 1982 873 2026 non
897 1968 1132 2047 respexerunt.
1180 1961 1262 2026 Mihi

200 2069 343 2155 quidem
366 2069 432 2134 hoc
458 2069 689 2156 epimythium
715 2068 760 2134 ad
782 2069 897 2155 ipsum
924 2068 1090 2134 Babrium
1118 2067 1263 2133 reteren-

199 2175 283 2240 dum
308 2197 381 2241 esse
405 2177 708 2262 persuasissimum
733 2185 793 2241 081.

198 2280 267 2346 fab.
296 2283 357 2346 127
383 2282 467 2365 (edit
491 2283 601 2366 Orus.)
627 2315 667 2338 =
695 2283 758 2346 130
782 2282 865 2363 (edit
889 2283 1028 2366 Eberh.)

198 2388 360 2475 Juppiter
384 2389 593 2454 Mercurium
617 2390 717 2454 iussit
741 2391 899 2454 omnium
924 2389 1108 2455 hominum
1125 2396 1265 2475 peccata

199 2497 236 2561 in
260 2496 396 2562 testulis
432 2496 557 2582 scripta
594 2517 759 2582 reponere
790 2497 825 2560 in
851 2484 938 2575 area,
976 2504 1015 2561 ut
1050 2496 1264 2579 singulorum

200 2604 350 2689 peccatis
387 2605 425 2667 in
464 2623 576 2668 unum
605 2603 773 2669 coilectis
811 2605 919 2668 iustas
964 2604 1090 2689 cuique
1127 2594 1267 2689 ¹poenas

202 2717 378 2776 statueret.
427 2709 496 2776 Sed
518 2710 654 2776 testulis
677 2709 744 2775 illis
768 2711 858 2776 inter
881 2733 916 2775 se
934 2711 1129 2776 commixtis
1152 2708 1203 2788 fit,
1229 2692 1268 2774 11

152 2864 155 2873 ,
200 2816 286 2881 haec
310 2818 388 2895 cito,
413 2816 471 2883 illa
497 2838 571 2882 sero
596 2818 633 2881 in
656 2817 752 2882 Jovis
769 2838 896 2882 manus
912 2816 1051 2893 incidat,
1078 2816 1267 2901 siquando

201 2924 267 3007 ipsi
290 2945 422 3008 poenas
447 2930 596 2990 statuere
620 2922 742 3008 placet.

201 3028 353 3093 Fabulae
374 3029 448 3094 cod.
467 3028 555 3111 7141)
570 3029 671 3094 nobis
690 3029 836 3095 traditae
857 3030 1088 3115 epimythium
1109 3029 1267 3094 additum

309 3311 355 3380 147)
381 3316 418 3368 of.
446 3331 507 3380 par.
536 3314 621 3367 Bodl.
650 3331 714 3382 pag.
740 3315 783 3370 42').
813 3317 941 3369 Floreut.
972 3332 1034 3383 pag.
1065 3315 1123 3381 119,
1153 3316 1270 3368 Comes.

202 3419 267 3467 prag.
288 3401 330 3457 71.

309 3489 355 3560 ¹⁴⁸)
376 3498 506 3544 ceterum
535 3492 563 3544 h.
588 3494 606 3545 1.
636 3507 866 3545 commemorare
900 3493 988 3544 liceat
1018 3493 1129 3546 fabulis
1162 3492 1226 3545 cod.
1248 3494 1270 3542 Υ

203 3581 327 3632 serratis
347 3582 485 3634 similiter
504 3585 592 3647 atque
622 3581 731 3636 tabulis
756 3581 820 3634 eod.
840 3583 867 3634 Α
886 3582 1061 3648 saepissime
1084 3581 1271 3648 pedestria

203 3670 367 3737 epimythia
395 3671 553 3723 subiuncta
583 3686 655 3724 csse.
693 3672 790 3737 Atque
817 3671 1000 3724 monendum
1028 3676 1074 3724 081
1103 3673 1272 3725 fabularum

203 3760 290 3812 nobis
311 3759 396 3811 codd.
408 3764 438 3811 et
456 3761 489 3812 V.
502 3759 762 3813 011111811181111
782 3761 947 3827 epimythia
969 3760 1119 3827 pedestria
1132 3761 1222 3814 modo
1236 3760 1273 3813 ad

204 3850 326 3900 verbum
337 3850 415 3901 inter
425 3865 489 3901 sese
501 3865 663 3916 congruere
675 3851 749 3916 (Vat.
764 3849 796 3902 17
809 3873 838 3894 =
851 3851 918 3903 Ath.
930 3849 972 3913 21,
984 3851 1047 3902 Vat.
1062 3849 1096 3902 68
1108 3873 1139 3894 =
1152 3850 1219 3904 Ath.
1230 3848 1272 3903 83.

205 3937 267 3988 Vat.
296 3936 376 3989 88:
392 3938 459 3990 Ath.
484 3938 527 4003 90,
556 3939 621 3992 Vat.
648 3938 682 3990 97
700 3938 812 3992 :Atra
836 3938 893 4002 11111,
921 3940 985 3990 Vat.
1010 3937 1059 3991 114
1078 3962 1108 3983 --
1125 3939 1193 3992 Ath.
1215 3937 1273 3991 114.

203 4026 268 4078 Vat.
280 4025 332 4077 216
344 4050 374 4071 :
387 4027 455 4078 mh.
469 4026 508 4089 12,
528 4028 594 4080 tat.
605 4027 657 4079 217
672 4050 702 4072 =
715 4027 911 4081 81181111.
931 4027 984 4079 242
996 4051 1027 4072 --
1039 4027 1106 4080 Ath.
1118 4027 1173 4096 77),
1184 4027 1274 4079 modo

205 4114 235 4166 iu
265 4114 329 4168 cod.
350 4117 374 4165 V
399 4117 507 4168 omissa
538 4132 602 4168 esse
632 4116 680 4181 (01.
705 4116 825 4168 781211
854 4125 881 4167 ct
911 4116 976 4168 stu.
1000 4115 1057 4183 120,
1087 4117 1151 4168 Vat.
1181 4115 1217 4169 30
1245 4114 1273 4168 et
