2924 4786
637 276 815 340 -33-

193 464 332 542 proptor
355 455 550 541 spondeum
574 454 674 520 illuni
697 476 770 520 non
794 476 867 519 esse
891 475 1025 532 seuseu,
1051 476 1111 519 eur
1134 453 1260 519 Babrio

194 562 442 628 abiudieernus.
484 562 552 627 Sed
576 561 673 626 haud
696 561 776 639 seio,
802 583 848 626 an
872 563 1022 640 metrica,
1048 562 1260 647 quaeomni-

195 671 259 735 bus
284 668 353 735 iere
370 670 450 734 siris
475 670 585 735 doctis
596 669 711 734 versui
727 669 839 733 inesse
855 668 1048 746 videbatur,
1073 666 1261 733 difficultas

194 777 261 842 alio
285 776 391 841 niodo
415 774 489 841 tolli
523 777 632 861 possit
666 774 721 840 vel
756 776 876 840 rninui.
935 775 1145 841 Persuasum
1169 775 1260 840 eninr

194 884 281 949 nihi
305 891 356 949 est
379 903 451 947 non
474 890 548 947 tam
570 883 606 946 in
632 881 706 947 eod.
725 882 764 946 A.
783 883 951 968 scriptura
966 881 1154 967 μισηθήσῃ,
1172 903 1262 968 quae.

195 989 281 1056 nrihi
316 989 459 1076 quidem
495 989 584 1054 bene
607 989 734 1055 tradita
757 988 902 1068 uidetur,
939 988 1154 1055 haerendum
1190 1010 1263 1054 esse

196 1119 303 1183 urrani
326 1098 364 1161 in
387 1117 470 1161 voce
495 1097 617 1162 ἐκεῖνοι
652 1117 691 1161 ao
715 1097 798 1161 satis
820 1096 1044 1182 probabiliter
1079 1097 1264 1162 corrieoisse

197 1204 314 1269 videor
337 1204 565 1288 archetypum
588 1203 773 1269 lectionem
796 1203 1012 1289 praebuisse:

357 1317 476 1392 κακοῖς
499 1309 630 1393 ὁμιλῶν
654 1310 703 1392 ὡς
725 1310 830 1392 κακὸς
852 1308 1082 1395 μισηθῆσῃβθ)

200 1419 326 1483 i'ooorn
351 1418 456 1499 κακός
478 1417 660 1503 repetitam
683 1417 795 1482 multo
819 1414 1011 1501 elegantius
1035 1417 1167 1483 dietum
1192 1439 1265 1482 esse

198 1532 370 1610 poetaque
402 1524 540 1608 dignius
574 1522 749 1608 languido·
776 1523 835 1589 illo
859 1525 982 1590 ἐκεῖνοι
1016 1526 1095 1610 quis
1119 1530 1180 1604 est,
1205 1525 1266 1609 qui

199 1633 314 1715 neget!
361 1632 593 1697 Inveniuntur
617 1637 735 1696 autem
758 1631 886 1697 similes
911 1630 1066 1696 eiusdem
1090 1631 1184 1696 vocis
1218 1653 1267 1696 re-

199 1740 382 1824 petitiones
407 1738 502 1825 apud
526 1737 676 1803 Graecos
699 1758 772 1803 non
795 1746 916 1824 poetas
940 1736 1053 1803 solum
1078 1736 1139 1803 sed
1163 1736 1268 1803 etiarn

199 1866 320 1930 prosae
345 1847 510 1910 orationis
534 1846 725 1930 scriptores.
758 1831 920 1910 ¹Deinde
956 1846 1155 1910 coniectura
1191 1866 1268 1909 mea

199 1953 237 2016 in
261 1959 463 2018 contextum
486 1960 624 2038 recepta
647 1952 697 2031 fit,
723 1959 762 2016 ut
786 1950 963 2036 spondeus
997 1951 1054 2016 ille
1085 1957 1269 2037 suspectus

203 2079 288 2123 uno
322 2060 493 2126 vocabulo
530 2060 764 2137 contineatur3
816 2057 1013 2143 spondeum
1059 2078 1140 2123 vero
1176 2079 1267 2134 eum,

200 2166 262 2249 qui
285 2167 347 2230 uni
370 2167 542 2234 vocabulo
566 2165 783 2253 polysyllabo
800 2165 892 2240 insit,
911 2184 931 2228 a
948 2163 1074 2229 Babrio
1090 2165 1128 2228 in
1145 2166 1269 2249 quinto

201 2292 319 2338 versus
342 2274 431 2359 pede
455 2275 647 2340 admissum
683 2295 756 2338 esse
790 2292 912 2337 omnes
941 2271 1005 2336 n'ri
1028 2270 1130 2349 docti,
1166 2271 1269 2337 etianr

202 2379 435 2446 Eberhardius
460 2380 513 2466 (oi.
540 2382 613 2447 obs.
640 2381 740 2447 Babr.
766 2403 799 2467 p.
826 2381 869 2461 7),
906 2378 1064 2444 Hochius
1088 2382 1178 2465 φας.
1204 2378 1270 2462 20).

202 2487 344 2551 t'rusius
368 2487 507 2572 (proleg.
533 2511 566 2574 p.
591 2489 667 2572 XL)
704 2487 912 2564 concedunt,
950 2487 1012 2571 qui
1036 2507 1143 2571 quarn
1167 2487 1271 2550 anxia

203 2612 284 2656 eura
297 2592 414 2658 Babrii
437 2595 518 2658 artis
541 2597 702 2661 metricae
725 2595 819 2680 leges
842 2600 1015 2672 tueantur,
1041 2593 1179 2678 saepius
1202 2593 1270 2657 iarn

204 2699 334 2763 rnonui.
382 2698 501 2765 Habes
523 2702 629 2784 igitur
652 2702 718 2768 hoe
733 2701 911 2787 μισηθήσῃ
928 2699 1094 2785 exemplis
1110 2699 1176 2764 illis
1193 2721 1271 2765 vere

207 2804 385 2872 itabrianis
423 2806 725 2892 λευκανθιζούσας,
765 2808 985 2894 stupuistis,
1027 2808 1193 2890 stuprator
1231 2808 1273 2871 si-

204 2912 443 2999 rrrillimum.⁶⁷)
489 2915 639 2983 Probata
673 2918 778 3001 igitur
806 2916 1004 2981 corrieotura
1039 2935 1117 2979 mea
1152 2934 1273 2978 versus

205 3019 319 3085 evadit
343 3021 440 3088 nullo
464 3025 609 3089 omnino
634 3024 739 3088 modo
756 3044 776 3088 a
793 3022 909 3088 Babrii
933 3029 1004 3086 arte
1029 3021 1170 3086 metrica
1195 3019 1272 3084 alie-

207 3144 272 3188 nus
296 3149 410 3214 neque
434 3130 628 3215 quidquarn
654 3138 768 3207 restat,
794 3150 865 3213 quo
890 3128 1121 3214 epiurythiunr
1147 3126 1273 3191 Bebrio

206 3251 276 3296 non
301 3233 447 3318 dignuin
471 3259 545 3302 esse
570 3230 879 3312 ‹unno'nstraturssb

205 3393 285 3446 fabb.
304 3392 510 3466 anaspum
530 3416 555 3451 τι
576 3394 849 3464 eratspatium
880 3396 931 3462 τὴν
959 3392 1081 3461 quidam
1110 3395 1275 3446 voluerunt.

208 3482 365 3549 Respicere
385 3487 465 3538 eninr
494 3486 654 3552 debebant,
683 3503 760 3552 quae
789 3485 826 3539 de
847 3484 1041 3553 diphthongis
1061 3501 1087 3537 οι
1108 3488 1138 3535 et
1158 3501 1189 3537 αι
1208 3490 1276 3536 ante

206 3580 421 3627 eonsonantem
440 3576 492 3641 qui
512 3577 646 3642 sequitur
666 3573 863 3642 corripiendis
877 3580 955 3628 reete
967 3574 1119 3627 biorellius
1139 3572 1275 3641 exposuit

208 3660 236 3711 in
269 3663 359 3715 lenivi
388 3664 633 3731 Graeco-prosod.
663 3664 720 3718 rol.
742 3667 762 3730 1,
782 3680 847 3731 pag.
867 3665 931 3718 VII.
952 3662 1108 3727 (Prosodia
1129 3661 1277 3715 adnotti.)

311 3750 347 3811 Μ)
367 3753 506 3806 similiter
525 3754 584 3805 ianr
604 3753 748 3805 Lewisius
768 3752 896 3805 vonis-it
918 3754 957 3819 ὡς
975 3751 1059 3806 κακοὶ
1080 3748 1239 3818 peruenitur).

312 3837 348 3906 ⁶²)
368 3842 404 3895 ef.
424 3859 500 3909 quae
520 3843 663 3895 Lewisius
683 3842 774 3907 praef.
794 3857 860 3908 pag.
889 3841 944 3893 XV
972 3838 1009 3891 (le
1029 3839 1164 3890 versibus
1190 3838 1277 3889 iar-hi·

207 3928 370 3993 nrrhogieis
390 3932 549 3998 aliquoties
569 3931 649 4000 apud
668 3931 812 3984 Babriuni
832 3929 973 3983 admissis
992 3927 1161 3995 explicavit.

312 4018 348 4071 ‘ib
368 4030 507 4083 ceterum,
527 4022 579 4087 qui
599 4020 786 4088 superfluum
799 4017 1139 4085 essehoc·epiniythiurn
1159 4014 1278 4073 eliserit.

207 4108 277 4175 quia
297 4111 446 4164 sententia
465 4111 496 4163 in
517 4111 611 4177 ipsius
631 4110 751 4164 iatnrlae
766 4126 853 4162 remu
873 4109 978 4162 ultirno
991 4105 1064 4173 um:

1064 4216 1081 4263 :i
