2924 4786
641 256 819 322 ,21-

194 435 336 517 ysicius,
373 435 469 520 quod
494 435 638 501 verbum
676 458 756 501 cum
785 436 901 503 dativo
926 458 1009 503 casu
1033 439 1260 504 coniunctum

194 553 228 607 ct.
260 542 453 608 ‘amiciendi'
491 550 525 608 ot
561 543 745 609 ‘irridendi'
771 542 1043 628 significationes
1067 545 1260 631 complecti-

194 648 303 732 tru·.⁴·'')
343 649 419 715 Hoc
436 670 517 715 rero
534 651 680 717 verbum
697 651 803 716 huius
819 650 885 716 loci
903 652 1094 717 sententiae
1111 653 1261 717 maxime

194 755 461 823 accomodatum
506 779 579 822 esso
625 759 663 822 iu
705 757 889 844 propatulo
933 766 993 824 est.
1056 757 1261 825 Coniectura

195 864 300 945 igitur
356 885 434 929 mea
495 863 672 930 lenissima
735 864 930 946 προσέλθοι·
986 864 1176 948 ἐπιγελῶσα
1224 867 1261 930 iu

196 977 399 1036 contextum
446 980 584 1058 recepta
642 971 820 1057 archetypi
877 973 1082 1058 scripturam
1128 973 1262 1038 restitui

196 1099 403 1163 versumque
446 1079 590 1144 evadere
634 1077 900 1144 difficultatibus
935 1078 1011 1157 illis,
1054 1078 1096 1144 de
1133 1079 1262 1164 quibus

196 1184 430 1263 disseruimus,
467 1185 685 1270 carentemt’)
722 1208 785 1251 nec
821 1186 892 1250 ullo
928 1187 1073 1250 omnino
1108 1185 1214 1250 modo
1242 1208 1262 1250 a

198 1290 320 1356 Babn'o
357 1291 553 1376 alienum&
589 1294 766 1358 neminem
803 1314 903 1379 spero
939 1299 1148 1376 negaturum
1177 1314 1260 1357 ossa.

198 1397 316 1482 Neque
341 1420 421 1464 vero
454 1401 652 1465 coniectura
686 1399 745 1465 illa
775 1421 795 1464 a
825 1400 960 1483 legibus
988 1400 1070 1465 artis
1100 1400 1262 1464 matricae

199 1504 313 1569 Babrii
336 1505 515 1584 abhorret;
541 1506 718 1593 dactylum
743 1507 837 1571 enim
861 1493 1051 1588 προσέλθοι
1069 1488 1262 1589 inimicius

197 1632 360 1697 persaepe
390 1612 427 1675 in
458 1614 558 1678 tertia
581 1635 700 1678 versus
725 1612 805 1678 sede
830 1615 984 1699 positum
1008 1612 1263 1691 invenimus⁴⁸)

197 1722 293 1798 Quae
330 1740 409 1782 cunr
444 1720 492 1784 ita
528 1721 608 1798 sint,
640 1740 712 1783 non
743 1727 804 1798 ost,
836 1741 897 1784 cur
920 1721 1152 1806 epinrythium
1176 1718 1264 1784 illud

197 1823 265 1888 fab.
285 1825 327 1889 70
343 1845 364 1889 a
381 1824 506 1889 Babrio
524 1824 773 1903 abiudioomus
797 1828 999 1911 praesertim
1016 1848 1097 1891 cum
1112 1827 1227 1893 versui
1244 1828 1262 1890 7

199 1930 407 1995 medicinam
420 1931 665 2015 paraverimus,
679 1931 740 1995 sod
746 1931 906 2017 Maehlyo
920 1934 1137 2011 assentimur,
1147 1932 1261 2017 quili.

198 2057 274 2120 pag.
300 2036 365 2100 320
386 2037 450 2102 sic:
472 2037 592 2115 „Diese
608 2038 713 2103 Versa
729 2038 793 2103 mit
809 2037 972 2122 Hartung
987 2037 1263 2122 wegsahneiden

196 2143 304 2210 hcisst
328 2143 383 2209 die
408 2144 513 2210 Fabel
537 2143 803 2210 r'erst-timmeln:
830 2144 925 2209 denu
941 2145 989 2210 sie
1006 2145 1159 2229 geheren
1176 2144 1264 2209 dazu

197 2252 260 2316 wie
297 2251 360 2316 das
383 2251 482 2317 Dach
517 2273 598 2317 zum
623 2251 809 2325 Gabatude3
847 2253 895 2316 sie
919 2252 1042 2317 ziehen
1066 2251 1164 2318 nicht
1187 2253 1264 2316 eine

198 2357 401 2441 allgemcine
437 2359 601 2425 treckene
625 2359 734 2424 Moral
768 2380 832 2424 aus
868 2359 948 2424 dem
983 2358 1166 2445 speziellen
1191 2358 1263 2423 Fail

199 2463 260 2528 ‹lcr
282 2465 308 2529 F
310 2464 397 2544 abel,
423 2467 486 2531 wie
510 2466 596 2531 viele
621 2466 748 2531 andere
766 2465 840 2531 und
863 2465 1037 2531 schleohte
1054 2465 1263 2551 Epinrpthia

200 2570 351 2636 sondern
376 2572 424 2637 sie
448 2582 618 2656 organzon
643 2573 712 2638 den
731 2573 828 2638 Kem
844 2594 908 2638 aus
925 2571 1126 2638 damselben
1144 2568 1262 2635 Stoffe.

202 2676 265 2741 iliu
301 2686 453 2764 spatorer
480 2679 622 2746 Dichter
644 2679 763 2746 warde
794 2680 867 2745 sich
892 2679 983 2744 wohl
1008 2679 1115 2744 kaum
1140 2700 1185 2743 an
1209 2676 1264 2742 die

199 2782 358 2868 Aufgabe
393 2793 528 2870 gewagt
551 2786 677 2866 haben,
704 2788 798 2852 einer
820 2786 991 2870 Allegorie
1020 2787 1083 2851 wie
1109 2785 1163 2850 dic
1192 2804 1264 2849 ror·

200 2889 356 2970 licgendo
381 2894 483 2959 einen
508 2893 650 2959 solchen
675 2894 817 2960 Sehfuss
841 2892 1081 2976 beizufiigen.“

304 3105 340 3167 ὕ)
359 3109 396 3162 ei.
415 3109 506 3160 Henr.
526 3108 625 3173 Steplr.
645 3109 719 3160 thes.
739 3108 809 3175 ling.
830 3110 933 3162 Graec.
954 3109 1010 3162 vol.
1031 3109 1083 3173 111,
1112 3108 1167 3159 col.
1188 3105 1265 3158 1550.

305 3195 341 3263 ⁴⁸)
359 3194 523 3262 προσέλθοι
542 3196 687 3261 scriptura
710 3212 763 3263 pro
792 3196 913 3251 ἐπέλθοι
943 3198 1080 3249 restituta
1108 3195 1198 3246 etiam
1218 3209 1264 3243 ro·

200 3284 272 3334 calis
293 3285 374 3336 verbi
397 3284 486 3351 ὕβρις,
506 3299 582 3349 quae
602 3285 690 3352 longa
709 3286 749 3338 sit
767 3301 888 3338 neccsse
909 3294 962 3343 est,
982 3285 1131 3351 positione
1160 3281 1265 3349 produ-

200 3373 277 3425 citur
305 3373 420 3439 melius,
456 3378 487 3426 ut
516 3373 589 3425 mihi
619 3374 740 3439 quidem
769 3374 894 3433 videtur,
924 3390 1014 3440 quam
1042 3373 1187 3441 particula
1214 3372 1266 3423 illa

200 3463 352 3527 superflua
371 3480 398 3528 ’,ἰ
421 3463 531 3515 vocalis
550 3463 760 3530 producendae
780 3480 869 3516 causa
888 3463 1052 3516 interiecta.

306 3548 342 3610 ²²)
365 3552 480 3604 hiatum
512 3568 590 3617 vero,
622 3554 674 3618 qui
703 3554 874 3606 coniectura
903 3554 954 3604 illa
982 3553 1076 3605 oritur
1104 3548 1263 3617 προοέλϋοι

201 3640 273 3706 ι’πιγ.
303 3641 377 3693 nihii
407 3642 468 3694 iere
488 3643 669 3708 suspicionis
688 3643 798 3695 habere
818 3658 933 3694 censeo.
971 3641 1074 3706 Neque
1103 3640 1184 3692 enim
1211 3639 1265 3691 Ba-

202 3728 307 3789 irrium,
327 3730 378 3795 qui
398 3731 445 3783 bis
464 3731 580 3783 hiatum
599 3729 721 3783 admisit
740 3733 768 3784 τί
786 3731 839 3784 οὖν
857 3729 931 3795 ‹aas›
951 3737 978 3781 ct
1001 3729 1091 3796 litto)
1110 3736 1139 3780 et
1150 3727 1266 3779 vocales

202 3819 296 3870 vocali
325 3819 398 3871 elisa
427 3825 637 3873 concurrentes
667 3817 973 3887 saepius(12‚.'›:·'›t)‚
994 3818 1018 3883 o,
1040 3813 1214 3885 10;t51,3.)‚
1235 3816 1265 3867 iu

201 3905 256 3956 hoc
284 3906 367 3958 hiato
395 3913 468 3974 puto
497 3908 669 3975 offendisse,
699 3908 871 3976 praesertim
900 3907 951 3972 qui
980 3922 1102 3958 caesura
1133 3904 1266 3970 (penthe-

202 3995 336 4063 mimere)
356 3997 498 4053 leniatur:
520 3999 555 4050 cf.
576 3999 631 4049 hac
651 3998 688 4049 cie
709 4015 738 4050 re
758 3999 881 4050 (Jlrristii
901 4006 984 4048 metr.
1005 4012 1031 4061 p.
1051 3995 1093 4046 att.

306 4083 342 4151 ⁴⁸)
356 4086 393 4139 cf.
404 4086 508 4141 Ficum
519 4089 550 4140 iu
561 4098 643 4141 mmr.
651 4088 754 4141 Graec.
766 4104 782 4139 a
792 4086 977 4139 Rossbaclrio
988 4083 1058 4137 edit.
1070 4100 1134 4150 pag.
1145 4083 1267 4147 missos.
