2924 4786
638 303 816 368 ,Π-

193 481 273 547 edit
299 502 377 566 pag.
403 482 459 563 68)
484 479 741 564 orriittanrus.³⁷)
766 480 953 559 Hochium,
980 482 1040 566 qui
1064 482 1152 546 miro
1177 502 1260 566 quo-

194 587 276 654 dam
312 588 416 652 modo
452 589 488 653 in
524 587 642 670 uoiecg
676 587 879 670 ἀνθρώπων
913 587 1027 653 verbis
1051 592 1140 674 ‘post
1174 587 1261 672 ἔθνη

194 694 467 760 abundantibus
492 693 641 760 offendit
676 702 765 780 (pag.
793 695 848 778 17)
872 714 945 759 non
969 702 1030 774 est,
1055 694 1153 779 quod
1168 716 1261 760 cure·

193 823 282 866 mus
329 802 450 867 Restat
484 802 589 885 igitur
612 800 856 879 Eberhardius,
893 802 955 886 qui
989 800 1119 886 quibus
1149 802 1262 867 causis

195 915 391 974 commotus
415 909 468 986 sit,
503 915 544 973 ut
567 927 683 972 versos
706 906 783 972 illos
807 908 943 993 spurios
978 907 1156 988 iudicaret,
1191 909 1260 973 iam

195 1014 384 1081 videamus.
444 1013 512 1096 Qui
547 1014 692 1100 ‘praeter
726 1013 989 1100 spondeum',³⁸)
1024 1015 1140 1100 inquit
1175 1016 1260 1099 (obs.

195 1121 278 1187 Bab.
304 1144 337 1207 p.
364 1123 407 1204 7),
433 1120 510 1187 ‘alia
546 1141 688 1206 quoque
724 1128 815 1200 sunt,
846 1142 936 1206 quae
963 1122 1037 1187 iure
1062 1120 1260 1188 offendant:

194 1227 281 1312 ἔθνη
317 1235 472 1314 correpte
507 1228 622 1314 priori,
657 1226 756 1311 ὕβρις
788 1227 958 1314 producta
991 1228 1123 1305 ultimo,
1160 1250 1261 1310 uoco·

194 1335 295 1416 γελᾶν
324 1334 490 1400 irridendi
515 1333 769 1419 significatione
805 1334 947 1413 dictum,
972 1335 1079 1401 verba
1108 1357 1139 1401 v.
1168 1335 1189 1398 6
1212 1335 1262 1399 in-

195 1441 325 1507 utiliter
370 1449 580 1518 coacervata,
627 1463 712 1507 nam
757 1449 791 1507 et
834 1441 951 1524 πόλεις
989 1447 1023 1506 ot
1062 1441 1264 1522 devinciamur

195 1569 494 1634 supervacaneum
545 1558 605 1614 est.
673 1549 795 1634 Itaque
843 1570 923 1614 cum
970 1569 991 1613 a
1036 1547 1263 1634 paraphrasta

196 1677 226 1719 v.
257 1655 345 1719 6-8
368 1676 440 1720 non
472 1657 541 1721 sint
569 1657 730 1742 expressi,
752 1654 878 1721 Bebrio
909 1654 1161 1720 abiudiccndos
1189 1677 1262 1720 esse

196 1765 340 1825 censeo?
395 1762 491 1827 Haec
525 1762 695 1828 hactenus
733 1761 977 1827 Eberhardius.
1032 1761 1154 1847 Neque
1182 1782 1262 1826 vero

196 1865 272 1932 iieri
295 1875 411 1954 potest
435 1869 466 1932 ci
490 1875 529 1933 ut
554 1869 731 1946 assentiar,
756 1869 874 1954 potius
899 1869 1003 1934 ceten'
1037 1889 1159 1934 omnes
1195 1868 1263 1934 edi-

195 1983 287 2039 tores
311 1982 401 2039 rccto
425 1996 545 2039 versus
568 1973 646 2039 illos
668 1975 705 2039 in
730 1982 896 2041 contextu
919 1974 1083 2041 videntur
1106 1975 1193 2040 mihi
1215 1997 1264 2040 re-

195 2082 350 2146 tinuisse.
410 2080 565 2145 Primum
597 2082 690 2146 enim
714 2081 1063 2148 animadvertendum
1087 2090 1139 2147 est
1162 2103 1265 2168 spon-

197 2187 302 2253 deum
318 2187 419 2253 illum
437 2188 475 2252 in
494 2188 617 2273 quinto
635 2209 754 2254 versus
773 2188 895 2274 tipede
908 2189 1062 2274 positum
1074 2187 1192 2270 πόλεις
1203 2188 1265 2270 τὰς

197 2293 409 2376 ἀνθρώπων,
426 2295 464 2359 in
480 2315 551 2380 quo
564 2295 798 2361 Eberhardius
815 2303 849 2362 et
865 2295 1024 2361 Hochius
1040 2294 1264 2361 offenderunt

197 2402 233 2466 in
264 2401 382 2466 codice
405 2401 445 2466 A.
460 2423 543 2494 ‘non
577 2403 741 2480 inreniri;
778 2410 953 2469 exaratam
989 2403 1082 2467 enim
1117 2402 1264 2486 legimus

198 2528 306 2573 manu
336 2508 449 2593 prima
484 2509 690 2593 scripturam
714 2508 849 2592 πόληας
883 2530 955 2594 qua
989 2510 1026 2573 in
1062 2516 1263 2575 contextum

197 2623 335 2699 recepta
360 2612 537 2700 spondeus
560 2615 624 2679 istc
657 2614 712 2696 (de
742 2636 813 2700 quo
837 2614 927 2681 inira
963 2616 1136 2702 copiosius
1161 2615 1264 2680 disse-

198 2724 326 2802 remus)
361 2719 502 2786 tollitur.
565 2720 817 2786 Gratissimum
864 2723 969 2805 igitur
1007 2730 1264 2806 argumentum,

198 2848 269 2912 quo
295 2829 349 2893 usi
372 2826 521 2893 editores
545 2827 689 2913 quidam
725 2849 846 2893 versus
881 2828 1052 2894 aBabrio
1088 2829 1263 2895 abiudica-

198 2942 284 3001 rent.
321 2934 512 3000 concidisse
548 2934 690 3000 Crusius
724 2942 815 3001 recte
851 2937 989 3002 monuit
1024 2935 1117 3011 (edit.
1154 2937 1266 3002 maior

304 3234 340 3307 ³7)
360 3242 489 3290 ceterum
518 3236 598 3302 quod
621 3238 795 3290 1>uebnerus
824 3239 861 3290 ad
881 3239 1048 3292 reiciendos
1076 3240 1144 3291 illos
1163 3254 1266 3290 versus

198 3326 275 3377 dixit
295 3327 365 3377 ‘non
385 3341 525 3392 apparere
549 3325 606 3377 hoc
619 3326 817 3394 epimpthium
836 3328 868 3379 in
887 3327 1059 3394 paraphrasi
1077 3327 1148 3379 hinc
1167 3326 1265 3380 ducta*

199 3415 315 3468 errarit.
347 3414 539 3481 Paraphrosis
557 3415 637 3466 enim
652 3414 825 3481 Bodleiano,
845 3431 936 3482 quam
957 3416 1126 3469 fabularum
1146 3415 1266 3469 Babria-

199 3520 304 3556 narum
323 3503 547 3570 paraphrasium
575 3504 709 3556 omnium
738 3506 826 3569 longe
857 3506 985 3572 primum
1010 3506 1110 3558 locum
1132 3505 1266 3559 obtinere

200 3594 357 3645 Knoellius
393 3592 504 3657 docuit,
545 3592 601 3645 hoe
641 3594 763 3660 praebet
803 3594 863 3650 fab.
899 3593 934 3647 70
968 3594 1186 3662 promtthium:
1223 3594 1265 3648 riu

200 3679 274 3735 {voa
305 3679 440 3748 προέλθῃ
467 3680 552 3748 ὕβρις
584 3682 600 3748 ἦ
626 3684 657 3734 ἐν
681 3681 764 3737 πόλει
794 3683 810 3749 ἰ)
836 3684 867 3736 ἐν
891 3681 998 3746 ἔθνεσι,
1024 3682 1154 3750 πόλεμος
1176 3681 1268 3748 εὐθὺς

199 3772 260 3836 μετ’
292 3770 383 3837 αὐτὴν
414 3768 576 3824 ἀκολουθεῖ
610 3771 649 3840 (r.
681 3787 740 3837 par.
773 3770 858 3824 Bodl.
897 3787 914 3823 a
942 3772 996 3823 Pio
1024 3771 1164 3823 Knoellio
1196 3769 1266 3824 edit.

200 3874 265 3924 pag.
284 3859 349 3917 22.)

306 3945 342 4015 ³⁸)
362 3950 478 4012 legebat
498 3950 579 4001 enim
598 3948 799 4003 Eberhardius
819 3956 850 4001 ut
871 3948 960 4004 ceteri
981 3964 1084 4001 ornnes
1104 3954 1172 4000 ante
1193 3947 1266 4000 uitl-

200 4037 344 4090 bauerum
375 4045 405 4103 et
435 4036 573 4091 drusium
605 4039 735 4092 editores
766 4040 797 4091 in
830 4054 916 4091 versu
947 4040 976 4091 o:
1006 4036 1107 4103 πόλεις
1137 4036 1189 4103 τὰς
1220 4038 1266 4090 dr·

204 4124 338 4189 ι’)ρώπων.

1055 4232 1071 4263 o
