2924 4786
638 230 815 294 -19-.

196 407 336 473 bardius
352 407 472 486 soluit,
490 407 636 473 verbmn
659 407 746 473 illud
771 430 996 494 nequaquam
1014 430 1034 474 a
1050 409 1177 475 Bebrio
1193 410 1259 475 hoc

194 515 269 580 loeo
312 516 478 580 usitatum
522 536 595 580 esse
637 535 843 601 persuasum
878 515 1001 581 habeo.
1060 516 1260 599 Προσγελᾶν

194 623 286 687 enirn
312 623 387 688 roci
411 621 577 688 irridendi
601 620 902 706 significationem,
927 644 1035 708 quarn
1058 624 1163 690 huius
1193 625 1261 690 loci

194 730 366 794 sententia
401 728 569 815 postulari
604 728 748 814 quidam
780 728 967 795 voluerunt
1002 730 1258 813 (Eberhardius,

197 837 383 914 liewisinsl,
412 835 518 902 tribui
554 857 627 901 non
662 857 763 922 posse
795 835 1060 902 concedendum
1085 844 1152 916 est;
1177 860 1259 903 nani

194 941 289 1027 apud
308 952 438 1009 veteres
458 964 579 1009 omnes
599 950 633 1009 et
651 950 772 1029 postas
792 949 825 1007 et
845 949 996 1009 oratores
1018 945 1167 1010 inveniri
1183 967 1259 1010 eam

196 1049 398 1127 'ani‹lernli',
430 1072 607 1136 nusquam
639 1049 824 1115 ‘sinlendi'
853 1049 1106 1134 significatione
1132 1051 1259 1118 dictam

197 1156 366 1222 Henriens
383 1156 582 1242 Stephanus
595 1157 693 1240 (thes.
707 1157 789 1240 ling.
807 1154 926 1222 Graec.
941 1157 1058 1223 volVl
1071 1159 1133 1223 col.
1150 1159 1258 1244 1878).

196 1263 387 1329 l'assowius
400 1263 476 1340 (lex.
490 1263 556 1329 vol.
577 1263 619 1343 Π,
641 1266 658 1328 l
681 1285 758 1350 pag.
775 1264 884 1348 1175),
909 1264 1106 1329 Lobeekius
1119 1264 1257 1350 (Phryn.

194 1390 270 1454 pag.
307 1371 396 1454 462),
432 1371 619 1437 Piersonus
649 1372 766 1454 (bloet.
797 1392 873 1457 pag.
906 1372 995 1454 470),
1021 1370 1079 1436 alii
1103 1377 1260 1436 auctores

194 1485 284 1542 sunt.
331 1477 377 1543 At
413 1481 496 1543 'non
530 1500 671 1543 neeesse
694 1478 833 1544 videtur
867 1477 1053 1543 desiderari
1087 1477 1153 1543 hoc
1184 1477 1259 1544 loeo

195 1583 338 1649 verbum
376 1584 570 1664 .ir1idendi,
599 1584 788 1650 illudendn
831 1585 973 1650 notione
1013 1583 1156 1663 dictum,
1198 1585 1259 1650 sed

194 1692 413 1776 aptissimum
449 1714 523 1756 esse
558 1692 664 1757 huius
697 1691 765 1756 loci
788 1692 980 1757 sententiae
1005 1691 1150 1756 verbum
1173 1691 1261 1757 illud

194 1797 386 1879 aoooiefaiv
396 1796 621 1876 „arriilendi“,
639 1796 881 1876 „blandiendi“
897 1796 1151 1881 significatione
1164 1820 1259 1864 usur-

195 1907 337 1987 patum.⁷
396 1903 475 1967 Non
510 1924 609 1986 nego.
664 1903 785 1988 Neque
820 1911 939 1968 tamen
975 1905 1166 1987 προσγελᾶν
1190 1927 1260 1970 ver-

195 2008 280 2073 bum
297 2008 363 2075 hoe
379 2009 457 2075 loco
473 2008 595 2095 placet.
644 2009 811 2075 Babrium
827 2011 931 2089 enim,
950 2011 1048 2075 cuius
1065 2032 1260 2077 sennonem

194 2129 266 2180 tarn
308 2114 457 2196 facilem,
500 2138 638 2202 purum,
674 2124 864 2182 venustum
906 2138 980 2181 esse
1014 2117 1105 2182 inter
1139 2139 1261 2182 ornnes

195 2230 340 2302 constat,
377 2224 434 2289 vix
471 2231 510 2289 ut
544 2223 588 2288 ab
624 2225 837 2310 optimorum
868 2224 1074 2309 scriptorum
1102 2246 1260 2290 sermone

195 2329 397 2414 distinguas.
423 2352 544 2396 rocem
569 2352 656 2411 eam,
682 2351 789 2416 quam
813 2329 909 2417 apud
933 2350 1056 2396 omnes
1072 2329 1141 2396 fere
1159 2332 1261 2417 scrip-

194 2450 284 2500 tores
315 2437 466 2502 Graecos
497 2459 577 2502 curn
601 2439 800 2504 accusativo
825 2459 908 2503 casu
933 2438 1155 2504 coniunctam
1180 2437 1259 2521 legi-

196 2565 283 2621 mus,
319 2565 399 2607 cunr
435 2543 552 2608 dativo
581 2565 664 2610 casu
688 2544 908 2609 coniunxisse
933 2543 982 2627 (id
1006 2544 1103 2629 quod
1127 2544 1260 2609 serioris

194 2657 333 2714 tantum
357 2650 561 2715 Graecitatis
585 2672 658 2715 esse
682 2651 788 2715 Henr.
822 2649 1030 2736 Stephanus,
1056 2650 1259 2728 Passowins,

195 2755 422 2821 Zachariaeus
454 2756 622 2840 docenda
654 2758 711 2823 iix
735 2757 897 2822 credibile
921 2765 981 2822 est.
1032 2757 1177 2823 Versum
1200 2758 1259 2841 igi-

299 2987 336 3053 42)
354 2990 444 3041 Henr.
455 2989 623 3056 Stephanus
642 2989 675 3041 in
692 2989 768 3042 thes.
779 2989 850 3056 ling.
861 2988 964 3043 Graec.
975 2990 1033 3043 vol.
1043 2991 1092 3055 Vl,
1112 2992 1167 3044 eol.
1179 2989 1260 3054 18783

196 3076 381 3144 'apoc-setes,
410 3077 526 3131 arrideo
554 3095 622 3130 eum
651 3094 747 3133 accus.
775 3079 805 3130 vi
833 3079 1085 3145 praepositionis';
1117 3080 1261 3145 exemplis

195 3167 293 3218 allatis
321 3167 430 3234 pergit:
460 3168 536 3218 'cunr
566 3166 625 3219 dat.
645 3167 782 3220 Eumath.
802 3184 830 3233 p.
854 3166 907 3219 282
935 3168 967 3221 τὸ
997 3166 1171 3238 ζητούμενον
1199 3173 1262 3233 φῶς

197 3258 264 3322 ἡμῖν
283 3254 494 3322 nocomediae.
533 3256 628 3319 Quam
647 3256 899 3309 constructionem
919 3257 1019 3308 minus
1045 3258 1151 3322 probat
1169 3256 1260 3306 Hero-

195 3344 303 3397 dianus
321 3361 349 3411 p.
369 3343 423 3396 470
441 3343 487 3398 ed.
508 3345 630 3398 Pierson
659 3343 818 3411 ’προσγελῶ
837 3345 934 3408 αὑτὸν,
955 3346 994 3411 ὡς
1018 3347 1046 3397 ol
1066 3344 1194 3398 Ἀττικοί

194 3432 260 3499 οὐχὶ
279 3434 374 3499 adiri)
412 3436 523 3487 Contra
542 3435 720 3499 Priscianus,
740 3434 792 3499 qni
811 3435 868 3488 vol.
882 3434 906 3500 2,
926 3450 953 3500 p.
967 3433 1154 3486 mesaneos
1174 3451 1261 3499 :roeo-

194 3521 264 3588 γελᾷ
290 3540 325 3589 με
355 3532 383 3575 et
412 3521 558 3590 προσγελᾷ
584 3542 636 3591 μοι
664 3523 776 3575 dixisse
806 3523 912 3576 refert.'
950 3521 1009 3575 Sed
1036 3523 1067 3574 in
1096 3523 1144 3574 his
1172 3523 1261 3574 rebus

197 3610 366 3663 Herodiano
401 3613 497 3664 multo
532 3613 677 3665 maiorem
712 3612 804 3665 iidem
841 3611 1031 3664 tribuendam
1070 3627 1134 3662 esse
1171 3627 1260 3676 «quarn

198 3700 348 3753 l‘riseiano
367 3717 420 3767 per
438 3717 470 3754 se
489 3706 579 3768 patet.
600 3731 632 3741 -
653 3704 792 3753 t'eternm
811 3700 892 3766 qnod
912 3701 1021 3766 Papius
1047 3701 1075 3751 in
1107 3700 1183 3763 libri,
1213 3701 1260 3752 eui

196 3789 345 3855 inscripsit
366 3789 665 3843 'Grie‹·lr.-dentsches
686 3788 980 3853 Sehnlwbrterbueh',
1000 3789 1056 3838 rol.
1070 3789 1104 3841 ll.
1125 3803 1189 3853 pag.
1208 3787 1262 3839 754

194 3879 312 3931 monuit
331 3880 438 3931 ‘einem
457 3880 599 3932 zulaehen
619 3881 676 3934 τιν(
687 3879 886 3945 l'alek.Hipp.
905 3874 966 3928 aba
986 3876 1102 3929 erravit.
1141 3876 1260 3928 Valcke-

196 3968 296 4020 narius
328 3969 408 4020 enim
439 3970 505 4020 loeo
537 3969 659 4021 laudato
690 3967 863 4034 t'Enripidis
894 3964 1046 4031 tragoedia
1070 3964 1260 4031 Hippolytus,

196 4073 285 4121 quam
304 4056 549 4110 adnotationibus
570 4058 709 4109 instruxit
730 4060 761 4111 (¹.
782 4057 813 4110 1..
833 4055 1024 4109 Valckenaer.
1047 4054 1164 4121 Leipzig
1183 4052 1260 4110 1823,

1047 4160 1079 4193 .,.
