2924 4786
638 231 815 293 -lo-

193 428 270 492 pag.
296 408 352 485 41)
379 407 572 484 volucrunt,
598 408 740 472 Crusius
756 409 826 472 iam
843 409 879 472 in
897 407 1138 474 dissertatione
1156 432 1264 497 supra

194 513 335 579 laudata
371 514 488 579 docuit
524 511 578 593 (cf.
611 514 664 578 ‘de
700 513 816 578 Babrii
851 519 973 580 aetate'
1015 538 1091 601 pag.
1126 518 1190 581 207
1229 528 1263 584 et

194 619 275 684 edit.
302 622 411 686 maior
433 642 510 706 pag.
537 621 602 701 36).

302 746 342 809 In
366 744 434 810 rab.
461 745 503 809 69
528 745 683 810 versibus
707 747 726 810 ι’)
753 753 786 810 et
811 746 830 809 (5
855 767 987 826 canem,
1017 749 1078 832 qui
1108 748 1256 835 leporem

196 862 399 940 persecutns
424 872 497 916 non
521 862 667 937 ceperat,
693 853 829 917 irrisum
856 875 875 918 a
900 855 1054 939 caprario
1078 854 1170 920 hanc
1187 877 1259 920 sen-

196 961 342 1025 tent-iam
366 965 469 1043 poeta
493 955 594 1023 tinxit
618 959 834 1044 loquentem:

195 1092 249 1170 69,
264 1093 293 1157 ὃ.
589 1090 704 1175 ἄλλως
727 1091 833 1158 ἄλλον
858 1093 1008 1175 ἁρπάσαι
1033 1093 1190 1160 σπεύδων

331 1200 438 1281 τρέχει
460 1219 519 1279 τις,
545 1196 660 1280 ἄλλως
684 1199 713 1264 d'
739 1199 844 1265 αὑτὸν
867 1200 905 1265 ἐκ
928 1206 1034 1266 κακοῦ
1060 1199 1188 1284 σῴζων.

196 1332 438 1418 Epimythium
461 1329 616 1418 profecto
641 1333 722 1398 satis
746 1332 860 1419 lepide
885 1334 1026 1400 dictum.

304 1456 540 1522 Pulcherrima
558 1457 662 1522 etiarn
679 1466 730 1523 est
747 1460 928 1539 sententia,
943 1481 1050 1544 quam
1067 1465 1262 1545 postremae

199 1562 267 1629 tab.
294 1564 357 1628 112
381 1564 526 1628 inseruit
550 1571 662 1648 poeta.
700 1565 834 1630 Taurus
859 1568 953 1631 enirn
976 1587 1121 1643 murem,
1148 1587 1168 1629 a
1192 1584 1263 1648 quo

198 1692 334 1734 morsus
358 1678 439 1748 erat,
469 1668 595 1735 frustra
618 1679 820 1756 persecutus
850 1673 963 1758 deque
988 1672 1120 1737 ultione
1145 1671 1264 1756 despe-

201 1798 279 1840 rans
303 1777 388 1841 haec
412 1776 617 1861 loquentem
641 1780 752 1845 audit:

201 1910 274 1989 112,
288 1910 317 1975 9.
356 1910 416 1995 οὐχ
441 1911 459 1977 ὁ
482 1914 587 1995 μέγας
611 1912 662 1978 ἀεὶ
687 1914 847 1996 δυνατός·
873 1913 959 1993 ἔσθ’,
985 1913 1073 1979 ὅπου
1097 1911 1230 1994 μᾶλλον

357 2017 396 2083 τὸ
419 2020 541 2103 μικρὸν
565 2020 650 2084 εἶναι
674 2024 729 2085 καὶ
753 2020 913 2086 ταπεινὸν
938 2023 1050 2104 ἰσχύει.

307 2152 381 2217 Iam
406 2153 451 2217 ad
475 2153 672 2231 sententiae,
699 2176 786 2237 quas
809 2154 985 2237 perpetuis
1009 2151 1164 2215 versibus
1186 2172 1265 2213 cum

201 2257 357 2342 apologis
393 2259 615 2322 cohaerentes
649 2258 723 2341 ipse
759 2267 862 2341 poeta
897 2257 1053 2320 elocutus
1090 2260 1150 2332 est,
1188 2276 1265 2319 con-

201 2361 361 2427 ferendas
386 2363 635 2445 aggrediamur.
695 2361 810 2446 Atque
845 2362 998 2449 primum
1028 2359 1171 2447 quidem
1195 2383 1266 2426 rno-

202 2468 318 2535 nenda
344 2476 434 2548 sunt,
460 2490 550 2554 quae
579 2469 616 2532 in
640 2467 708 2534 fab.
736 2470 777 2535 u)
812 2469 969 2536 versibus
1005 2471 1091 2535 6-8
1126 2478 1267 2554 poetam

203 2576 378 2643 dicentem
401 2577 557 2660 legimus.
607 2574 779 2657 Quicum
807 2579 943 2665 inipso
977 2577 1097 2645 fabula
1122 2577 1265 2641 deorum

205 2684 336 2768 nuptiis
360 2682 460 2749 factis
484 2683 646 2767 Πόλεμον
681 2685 819 2752 duxisse
843 2685 960 2769 Ὕβριν
988 2707 1131 2752 uxorein
1156 2690 1188 2747 et
1213 2704 1267 2745 re-

204 2789 384 2855 hementer
429 2800 605 2857 amantem
645 2814 721 2856 carn
761 2793 892 2876 ubique
932 2794 1031 2876 sequi
1070 2789 1266 2864 narraverit,

203 2895 289 2961 haec
313 2903 424 2982 optat:

204 3029 257 3107 70,
273 3029 302 3093 6.
338 3031 385 3113 μὴ
410 3035 491 3112 γοῦν
515 3029 600 3113 ἔθνη
625 3053 703 3110 noc,
727 3032 775 3114 μὴ
799 3031 934 3114 πόληας
958 3029 1158 3112 ἀνθρώπων

339 3135 435 3219 ὕβρις
458 3136 601 3203 ἐπέλθοι
624 3139 847 3221 προσγελῶσα
871 3146 944 3221 τοῖς
968 3137 1097 3222 δήμοις,

340 3243 413 3309 ἐπεὶ
435 3247 507 3327 μετ’
533 3245 640 3329 αὐτὴν
664 3246 815 3329 πόλεμος
838 3246 971 3329 εὐθέως
994 3246 1072 3331 ἥξει.

207 3377 460 3442 Pulcherrimos
483 3377 587 3443 hosce
612 3400 740 3456 versus
766 3380 895 3463 quibus
919 3379 1005 3464 quid
1029 3379 1095 3443 sibi
1120 3378 1199 3441 velit
1224 3373 1270 3437 ia-

207 3483 300 3563 bula‚
338 3492 418 3570 apto
454 3484 557 3570 plane
592 3485 698 3550 modo
734 3487 998 3564 demonstretur,
1038 3484 1164 3548 Bebrio
1199 3500 1271 3544 non

207 3590 332 3673 dignos
349 3613 422 3655 esse
439 3592 496 3655 rix
513 3591 640 3655 credas.
688 3591 853 3658 Attamen
868 3592 1086 3670 Duebnerus,
1104 3589 1271 3657 Hochius,

208 3697 452 3776 Eberhardius
477 3696 744 3764 Rutheriordius
775 3699 944 3765 aBabrio
981 3697 1179 3763 abiudicare
1215 3715 1272 3760 eos

210 3804 286 3869 ausi
310 3813 401 3870 sunt.
448 3805 676 3870 Duebncrum
701 3814 734 3872 et
758 3804 1056 3883 Rutherfordium,
1093 3804 1154 3888 qui
1177 3801 1273 3869 nulla

209 3909 279 3976 iere
327 3911 430 3977 allata
477 3934 582 3977 causa
633 3935 752 3978 versus
802 3912 879 3977 illos
929 3911 974 3975 ad
1022 3911 1272 3976 diasceuastam

210 4015 408 4083 referendos
448 4027 659 4083 censuerunt
695 4019 748 4102 (cf.
791 4018 963 4083 animadv.
1006 4018 1076 4082 crit.
1118 4039 1194 4103 pag.
1221 4016 1273 4085 23,
