<?xml version="1.0" encoding="UTF-8"?>
<!DOCTYPE html PUBLIC "-//W3C//DTD XHTML 1.0 Transitional//EN"
    "http://www.w3.org/TR/xhtml1/DTD/xhtml1-transitional.dtd">
<html xmlns="http://www.w3.org/1999/xhtml" xml:lang="en" lang="en">
 <head>
  <title>
</title>
<meta http-equiv="Content-Type" content="text/html;charset=utf-8" />
  <meta name='ocr-system' content='tesseract 3.04.00' />
  <meta name='ocr-capabilities' content='ocr_page ocr_carea ocr_par ocr_line ocrx_word'/>
</head>
<body>
  <div class='ocr_page' id='page_1' title='image "./deindoleatqueau00hohmgoog_0106.png"; bbox 0 0 2924 4786; ppageno 0'>
   <div class='ocr_carea' id='block_1_1' title="bbox 646 304 824 368">
    <p class='ocr_par' dir='ltr' id='par_1_1' title="bbox 646 304 824 368">
     <span class='ocr_line' id='line_1_1' title="bbox 646 304 824 368; baseline 0 -19"><span class='ocrx_word' id='word_1_1' title='bbox 646 304 824 368; x_wconf 66' lang='lat'>..-97-</span> 
     </span>
    </p>
   </div>
   <div class='ocr_carea' id='block_1_2' title="bbox 194 482 1275 3557">
    <p class='ocr_par' dir='ltr' id='par_1_2' title="bbox 198 482 1275 1208">
     <span class='ocr_line' id='line_1_2' title="bbox 198 482 347 548; baseline -0.007 0"><span class='ocrx_word' id='word_1_2' title='bbox 198 482 270 548; x_wconf 81' lang='lat' dir='ltr'>lab.</span> <span class='ocrx_word' id='word_1_3' title='bbox 295 483 347 548; x_wconf 77' lang='lat'>56.</span> 
     </span>
     <span class='ocr_line' id='line_1_3' title="bbox 198 587 1274 675; baseline -0.002 -21"><span class='ocrx_word' id='word_1_4' title='bbox 198 590 384 655; x_wconf 79' lang='lat' dir='ltr'>Certamen</span> <span class='ocrx_word' id='word_1_5' title='bbox 395 589 557 675; x_wconf 85' lang='lat' dir='ltr'>Juppiter</span> <span class='ocrx_word' id='word_1_6' title='bbox 574 588 784 654; x_wconf 83' lang='lat' dir='ltr'>animalibus</span> <span class='ocrx_word' id='word_1_7' title='bbox 807 596 1035 674; x_wconf 80' lang='lat' dir='ltr'>proposuerat</span> <span class='ocrx_word' id='word_1_8' title='bbox 1057 588 1099 653; x_wconf 90' lang='lat' dir='ltr'>de</span> <span class='ocrx_word' id='word_1_9' title='bbox 1122 587 1274 674; x_wconf 78' lang='lat' dir='ltr'>pulchri-</span> 
     </span>
     <span class='ocr_line' id='line_1_4' title="bbox 203 695 1274 761; baseline -0.002 0"><span class='ocrx_word' id='word_1_10' title='bbox 203 695 325 761; x_wconf 81' lang='lat' dir='ltr'>tudine</span> <span class='ocrx_word' id='word_1_11' title='bbox 359 695 559 761; x_wconf 83' lang='lat' dir='ltr'>iniantium.</span> <span class='ocrx_word' id='word_1_12' title='bbox 619 695 724 761; x_wconf 82' lang='lat' dir='ltr'>Venit</span> <span class='ocrx_word' id='word_1_13' title='bbox 759 696 864 761; x_wconf 87' lang='lat' dir='ltr'>etiam</span> <span class='ocrx_word' id='word_1_14' title='bbox 908 696 1007 760; x_wconf 90' lang='lat' dir='ltr'>simia</span> <span class='ocrx_word' id='word_1_15' title='bbox 1044 716 1124 761; x_wconf 89' lang='lat' dir='ltr'>oum</span> <span class='ocrx_word' id='word_1_16' title='bbox 1149 695 1274 760; x_wconf 82' lang='lat' dir='ltr'>catulo.</span> 
     </span>
     <span class='ocr_line' id='line_1_5' title="bbox 203 802 1275 889; baseline -0.003 -21"><span class='ocrx_word' id='word_1_17' title='bbox 203 803 410 869; x_wconf 84' lang='lat' dir='ltr'>Ridentibus</span> <span class='ocrx_word' id='word_1_18' title='bbox 434 802 522 868; x_wconf 89' lang='lat' dir='ltr'>divis</span> <span class='ocrx_word' id='word_1_19' title='bbox 540 802 642 868; x_wconf 85' lang='lat' dir='ltr'>dixit:</span> <span class='ocrx_word' id='word_1_20' title='bbox 667 802 829 889; x_wconf 74' lang='lat' dir='ltr'>luppiter</span> <span class='ocrx_word' id='word_1_21' title='bbox 847 804 945 869; x_wconf 70' lang='lat' dir='ltr'>norit</span> <span class='ocrx_word' id='word_1_22' title='bbox 961 803 1150 880; x_wconf 64' lang='lat' dir='ltr'>notoriam,</span> <span class='ocrx_word' id='word_1_23' title='bbox 1176 803 1275 867; x_wconf 81' lang='lat' dir='ltr'>ouius</span> 
     </span>
     <span class='ocr_line' id='line_1_6' title="bbox 201 908 1105 996; baseline 0 -23"><span class='ocrx_word' id='word_1_24' title='bbox 201 911 261 975; x_wconf 86' lang='lat' dir='ltr'>sit:</span> <span class='ocrx_word' id='word_1_25' title='bbox 285 910 373 975; x_wconf 89' lang='lat' dir='ltr'>mihi</span> <span class='ocrx_word' id='word_1_26' title='bbox 395 931 477 975; x_wconf 88' lang='lat' dir='ltr'>vero</span> <span class='ocrx_word' id='word_1_27' title='bbox 502 910 558 975; x_wconf 88' lang='lat' dir='ltr'>hio</span> <span class='ocrx_word' id='word_1_28' title='bbox 582 917 634 975; x_wconf 86' lang='lat' dir='ltr'>est</span> <span class='ocrx_word' id='word_1_29' title='bbox 656 908 912 996; x_wconf 83' lang='lat' dir='ltr'>pulcherrimus</span> <span class='ocrx_word' id='word_1_30' title='bbox 936 910 1105 975; x_wconf 90' lang='lat' dir='ltr'>omniurn.</span> 
     </span>
     <span class='ocr_line' id='line_1_7' title="bbox 206 1017 1016 1103; baseline 0 -22"><span class='ocrx_word' id='word_1_31' title='bbox 206 1017 252 1081; x_wconf 82' lang='lat' dir='ltr'>lle</span> <span class='ocrx_word' id='word_1_32' title='bbox 278 1017 482 1103; x_wconf 68' lang='lat' dir='ltr'>opimythim</span> <span class='ocrx_word' id='word_1_33' title='bbox 508 1017 604 1102; x_wconf 91' lang='lat' dir='ltr'>quod</span> <span class='ocrx_word' id='word_1_34' title='bbox 627 1019 664 1083; x_wconf 92' lang='lat' dir='ltr'>in</span> <span class='ocrx_word' id='word_1_35' title='bbox 689 1017 763 1083; x_wconf 84' lang='lat' dir='ltr'>eod.</span> <span class='ocrx_word' id='word_1_36' title='bbox 789 1017 819 1081; x_wconf 79' lang='lat' dir='ltr'><strong>A</strong></span> <span class='ocrx_word' id='word_1_37' title='bbox 844 1018 1016 1102; x_wconf 86' lang='lat' dir='ltr'>sequitur:</span> 
     </span>
     <span class='ocr_line' id='line_1_8' title="bbox 203 1123 1126 1208; baseline 0.001 -20"><span class='ocrx_word' id='word_1_38' title='bbox 203 1125 254 1201; x_wconf 70' lang='lat' dir='ltr'>at,</span> <span class='ocrx_word' id='word_1_39' title='bbox 272 1125 301 1188; x_wconf 81' lang='lat'>8.</span> <span class='ocrx_word' id='word_1_40' title='bbox 351 1124 369 1190; x_wconf 89' lang='grc' dir='ltr'><strong>ὁ</strong></span> <span class='ocrx_word' id='word_1_41' title='bbox 393 1125 495 1207; x_wconf 79' lang='grc' dir='ltr'><em>λόγος</em></span> <span class='ocrx_word' id='word_1_42' title='bbox 518 1123 614 1189; x_wconf 74' lang='grc' dir='ltr'><em>δοκεῖ</em></span> <span class='ocrx_word' id='word_1_43' title='bbox 634 1147 693 1208; x_wconf 87' lang='grc' dir='ltr'>μοι</span> <span class='ocrx_word' id='word_1_44' title='bbox 716 1128 801 1190; x_wconf 77' lang='grc' dir='ltr'><em>πᾶσι</em></span> <span class='ocrx_word' id='word_1_45' title='bbox 824 1129 927 1190; x_wconf 77' lang='grc' dir='ltr'><em>τοῦτο</em></span> <span class='ocrx_word' id='word_1_46' title='bbox 952 1128 1126 1207; x_wconf 83' lang='grc' dir='ltr'><em>σημαίνειν</em></span> 
     </span>
    </p>

    <p class='ocr_par' dir='ltr' id='par_1_3' title="bbox 194 1231 1274 3557">
     <span class='ocr_line' id='line_1_9' title="bbox 344 1231 1144 1316; baseline -0.001 -19"><span class='ocrx_word' id='word_1_47' title='bbox 344 1231 405 1297; x_wconf 80' lang='grc' dir='ltr'>τὸν</span> <span class='ocrx_word' id='word_1_48' title='bbox 430 1231 534 1313; x_wconf 79' lang='grc' dir='ltr'><strong><em>αὐτὸς</em></strong></span> <span class='ocrx_word' id='word_1_49' title='bbox 558 1232 665 1298; x_wconf 79' lang='grc' dir='ltr'><strong><em>αὐτοῦ</em></strong></span> <span class='ocrx_word' id='word_1_50' title='bbox 689 1236 758 1313; x_wconf 82' lang='grc' dir='ltr'><em>ιιᾶς</em></span> <span class='ocrx_word' id='word_1_51' title='bbox 782 1253 832 1314; x_wconf 83' lang='grc' dir='ltr'>τις</span> <span class='ocrx_word' id='word_1_52' title='bbox 855 1232 1008 1316; x_wconf 77' lang='grc' dir='ltr'><em>εὐπρεπῆ</em></span> <span class='ocrx_word' id='word_1_53' title='bbox 1033 1235 1144 1314; x_wconf 82' lang='grc' dir='ltr'><em>κρίνει.</em></span> 
     </span>
     <span class='ocr_line' id='line_1_10' title="bbox 202 1335 1273 1418; baseline 0.001 -18"><span class='ocrx_word' id='word_1_54' title='bbox 202 1335 340 1402; x_wconf 77' lang='lat' dir='ltr'>difficile</span> <span class='ocrx_word' id='word_1_55' title='bbox 377 1346 429 1403; x_wconf 88' lang='lat' dir='ltr'>est</span> <span class='ocrx_word' id='word_1_56' title='bbox 465 1337 570 1416; x_wconf 75' lang='lat' dir='ltr'>dictu,</span> <span class='ocrx_word' id='word_1_57' title='bbox 602 1346 719 1403; x_wconf 86' lang='lat' dir='ltr'>utrum</span> <span class='ocrx_word' id='word_1_58' title='bbox 752 1337 869 1403; x_wconf 86' lang='lat' dir='ltr'>Babrii</span> <span class='ocrx_word' id='word_1_59' title='bbox 901 1339 944 1403; x_wconf 87' lang='lat' dir='ltr'>sit</span> <span class='ocrx_word' id='word_1_60' title='bbox 976 1359 1095 1402; x_wconf 83' lang='lat' dir='ltr'>neone.</span> <span class='ocrx_word' id='word_1_61' title='bbox 1144 1338 1273 1418; x_wconf 74' lang='lat' dir='ltr'>Quam-</span> 
     </span>
     <span class='ocr_line' id='line_1_11' title="bbox 199 1443 1272 1528; baseline 0 -20"><span class='ocrx_word' id='word_1_62' title='bbox 199 1465 306 1527; x_wconf 85' lang='lat' dir='ltr'><strong>quam</strong></span> <span class='ocrx_word' id='word_1_63' title='bbox 346 1445 441 1508; x_wconf 79' lang='lat' dir='ltr'>oninr</span> <span class='ocrx_word' id='word_1_64' title='bbox 481 1452 601 1522; x_wconf 77' lang='lat' dir='ltr'>metm,</span> <span class='ocrx_word' id='word_1_65' title='bbox 644 1466 758 1523; x_wconf 79' lang='lat' dir='ltr'>sensu,</span> <span class='ocrx_word' id='word_1_66' title='bbox 806 1443 1023 1528; x_wconf 58' lang='lat' dir='ltr'>sermonem)</span> <span class='ocrx_word' id='word_1_67' title='bbox 1063 1444 1272 1527; x_wconf 84' lang='lat' dir='ltr'>elegantissi-</span> 
     </span>
     <span class='ocr_line' id='line_1_12' title="bbox 203 1550 1272 1637; baseline 0 -24"><span class='ocrx_word' id='word_1_68' title='bbox 203 1572 297 1615; x_wconf 89' lang='lat' dir='ltr'>mum</span> <span class='ocrx_word' id='word_1_69' title='bbox 316 1559 377 1630; x_wconf 78' lang='lat' dir='ltr'>est,</span> <span class='ocrx_word' id='word_1_70' title='bbox 406 1559 606 1617; x_wconf 79' lang='lat' dir='ltr'>tamenvox</span> <span class='ocrx_word' id='word_1_71' title='bbox 628 1551 801 1636; x_wconf 90' lang='lat' dir='ltr'>quaedam</span> <span class='ocrx_word' id='word_1_72' title='bbox 824 1551 1106 1637; x_wconf 84' lang='lat' dir='ltr'>interpolatorem</span> <span class='ocrx_word' id='word_1_73' title='bbox 1128 1550 1272 1637; x_wconf 85' lang='lat' dir='ltr'>prodere</span> 
     </span>
     <span class='ocr_line' id='line_1_13' title="bbox 202 1656 1270 1743; baseline 0.006 -22"><span class='ocrx_word' id='word_1_74' title='bbox 202 1656 344 1722; x_wconf 82' lang='lat' dir='ltr'>ridetur.</span> <span class='ocrx_word' id='word_1_75' title='bbox 375 1658 532 1737; x_wconf 83' lang='lat' dir='ltr'>Babrius,</span> <span class='ocrx_word' id='word_1_76' title='bbox 551 1680 657 1743; x_wconf 90' lang='lat' dir='ltr'>quem</span> <span class='ocrx_word' id='word_1_77' title='bbox 682 1658 833 1742; x_wconf 73' lang='lat' dir='ltr'>dpodog</span> <span class='ocrx_word' id='word_1_78' title='bbox 848 1664 951 1725; x_wconf 78' lang='grc' dir='ltr'><strong><em>τοῦτο</em></strong></span> <span class='ocrx_word' id='word_1_79' title='bbox 966 1661 1088 1742; x_wconf 78' lang='grc' dir='ltr'><em>μηνύει</em></span> <span class='ocrx_word' id='word_1_80' title='bbox 1104 1656 1187 1741; x_wconf 80' lang='lat' dir='ltr'>(lab.</span> <span class='ocrx_word' id='word_1_81' title='bbox 1205 1658 1270 1741; x_wconf 82' lang='lat'><strong>38).</strong></span> 
     </span>
     <span class='ocr_line' id='line_1_14' title="bbox 199 1762 1272 1849; baseline 0 -21"><span class='ocrx_word' id='word_1_82' title='bbox 199 1762 283 1845; x_wconf 74' lang='grc' dir='ltr'><em>λέγει</em></span> <span class='ocrx_word' id='word_1_83' title='bbox 312 1763 340 1829; x_wconf 77' lang='lat' dir='ltr'>d&#39;</span> <span class='ocrx_word' id='word_1_84' title='bbox 367 1765 386 1829; x_wconf 89' lang='grc' dir='ltr'><strong>ὁ</strong></span> <span class='ocrx_word' id='word_1_85' title='bbox 415 1765 533 1848; x_wconf 65' lang='grc' dir='ltr'><em>μῦθος</em></span> <span class='ocrx_word' id='word_1_86' title='bbox 557 1762 638 1847; x_wconf 83' lang='lat' dir='ltr'>(fab.</span> <span class='ocrx_word' id='word_1_87' title='bbox 667 1766 708 1830; x_wconf 87' lang='lat'>18</span> <span class='ocrx_word' id='word_1_88' title='bbox 738 1774 770 1830; x_wconf 86' lang='lat' dir='ltr'>et</span> <span class='ocrx_word' id='word_1_89' title='bbox 800 1766 865 1849; x_wconf 71' lang='lat'>31),</span> <span class='ocrx_word' id='word_1_90' title='bbox 903 1765 984 1830; x_wconf 80' lang='grc' dir='ltr'>ὁὸἑ</span> <span class='ocrx_word' id='word_1_91' title='bbox 1007 1787 1042 1847; x_wconf 89' lang='grc' dir='ltr'>γε</span> <span class='ocrx_word' id='word_1_92' title='bbox 1076 1764 1194 1846; x_wconf 66' lang='grc' dir='ltr'><em>μῦθος</em></span> <span class='ocrx_word' id='word_1_93' title='bbox 1216 1764 1272 1847; x_wconf 84' lang='grc' dir='ltr'>ἐμ-</span> 
     </span>
     <span class='ocr_line' id='line_1_15' title="bbox 198 1870 1270 1955; baseline 0 -20"><span class='ocrx_word' id='word_1_94' title='bbox 198 1874 309 1953; x_wconf 73' lang='grc' dir='ltr'><em>φαίνει</em></span> <span class='ocrx_word' id='word_1_95' title='bbox 338 1870 419 1949; x_wconf 84' lang='lat' dir='ltr'>(iab.</span> <span class='ocrx_word' id='word_1_96' title='bbox 440 1873 493 1951; x_wconf 80' lang='lat'>36,</span> <span class='ocrx_word' id='word_1_97' title='bbox 519 1873 594 1937; x_wconf 86' lang='lat' dir='ltr'>sim.</span> <span class='ocrx_word' id='word_1_98' title='bbox 613 1872 682 1939; x_wconf 80' lang='lat' dir='ltr'>fab.</span> <span class='ocrx_word' id='word_1_99' title='bbox 704 1873 780 1949; x_wconf 77' lang='lat'>116)</span> <span class='ocrx_word' id='word_1_100' title='bbox 805 1872 929 1937; x_wconf 83' lang='lat' dir='ltr'>similia</span> <span class='ocrx_word' id='word_1_101' title='bbox 954 1872 1079 1937; x_wconf 83' lang='lat' dir='ltr'>dixisse</span> <span class='ocrx_word' id='word_1_102' title='bbox 1111 1871 1270 1955; x_wconf 63' lang='lat' dir='ltr'>legimus</span> 
     </span>
     <span class='ocr_line' id='line_1_16' title="bbox 197 1975 1272 2065; baseline 0.002 -25"><span class='ocrx_word' id='word_1_103' title='bbox 197 2000 259 2042; x_wconf 88' lang='lat' dir='ltr'>eur</span> <span class='ocrx_word' id='word_1_104' title='bbox 280 1980 317 2043; x_wconf 89' lang='lat' dir='ltr'>in</span> <span class='ocrx_word' id='word_1_105' title='bbox 341 1979 408 2044; x_wconf 86' lang='lat' dir='ltr'>hoo</span> <span class='ocrx_word' id='word_1_106' title='bbox 432 1979 635 2065; x_wconf 81' lang='lat' dir='ltr'>epirnythi0‚</span> <span class='ocrx_word' id='word_1_107' title='bbox 670 1980 712 2045; x_wconf 88' lang='lat' dir='ltr'>de</span> <span class='ocrx_word' id='word_1_108' title='bbox 737 2001 808 2064; x_wconf 83' lang='lat' dir='ltr'>quo</span> <span class='ocrx_word' id='word_1_109' title='bbox 833 2001 920 2044; x_wconf 90' lang='lat' dir='ltr'>num</span> <span class='ocrx_word' id='word_1_110' title='bbox 944 1987 1026 2064; x_wconf 88' lang='lat' dir='ltr'>apto</span> <span class='ocrx_word' id='word_1_111' title='bbox 1050 1978 1156 2043; x_wconf 88' lang='lat' dir='ltr'>modo</span> <span class='ocrx_word' id='word_1_112' title='bbox 1181 2000 1199 2042; x_wconf 88' lang='lat' dir='ltr'>e</span> <span class='ocrx_word' id='word_1_113' title='bbox 1223 1975 1272 2042; x_wconf 83' lang='lat' dir='ltr'>fa·</span> 
     </span>
     <span class='ocr_line' id='line_1_17' title="bbox 199 2083 1274 2172; baseline 0 -26"><span class='ocrx_word' id='word_1_114' title='bbox 199 2083 279 2150; x_wconf 89' lang='lat' dir='ltr'>bula</span> <span class='ocrx_word' id='word_1_115' title='bbox 295 2086 444 2171; x_wconf 89' lang='lat' dir='ltr'>petitum</span> <span class='ocrx_word' id='word_1_116' title='bbox 461 2093 560 2163; x_wconf 76' lang='lat' dir='ltr'>esset,</span> <span class='ocrx_word' id='word_1_117' title='bbox 580 2088 725 2153; x_wconf 91' lang='lat' dir='ltr'>omnino</span> <span class='ocrx_word' id='word_1_118' title='bbox 742 2108 815 2151; x_wconf 93' lang='lat' dir='ltr'>non</span> <span class='ocrx_word' id='word_1_119' title='bbox 830 2093 966 2172; x_wconf 86' lang='lat' dir='ltr'>poterat</span> <span class='ocrx_word' id='word_1_120' title='bbox 982 2085 1144 2153; x_wconf 82' lang='lat' dir='ltr'>dubitari.</span> <span class='ocrx_word' id='word_1_121' title='bbox 1159 2084 1274 2149; x_wconf 74' lang='grc' dir='ltr'><em>δοκεῖ</em></span> 
     </span>
     <span class='ocr_line' id='line_1_18' title="bbox 194 2191 1266 2279; baseline -0.003 -22"><span class='ocrx_word' id='word_1_122' title='bbox 194 2214 254 2273; x_wconf 83' lang='grc' dir='ltr'>μοι</span> <span class='ocrx_word' id='word_1_123' title='bbox 289 2196 464 2275; x_wconf 79' lang='grc' dir='ltr'><em>σημαίνειν</em></span> <span class='ocrx_word' id='word_1_124' title='bbox 499 2194 681 2279; x_wconf 84' lang='lat' dir='ltr'>scripserit,</span> <span class='ocrx_word' id='word_1_125' title='bbox 718 2195 774 2260; x_wconf 84' lang='lat' dir='ltr'>rix</span> <span class='ocrx_word' id='word_1_126' title='bbox 810 2201 924 2279; x_wconf 88' lang='lat' dir='ltr'>potest</span> <span class='ocrx_word' id='word_1_127' title='bbox 951 2191 1114 2275; x_wconf 82' lang='lat' dir='ltr'>intellegi,</span> <span class='ocrx_word' id='word_1_128' title='bbox 1150 2192 1266 2276; x_wconf 86' lang='lat' dir='ltr'>potius</span> 
     </span>
     <span class='ocr_line' id='line_1_19' title="bbox 200 2298 1266 2382; baseline -0.002 -19"><span class='ocrx_word' id='word_1_129' title='bbox 200 2299 412 2382; x_wconf 86' lang='lat' dir='ltr'>probabilem</span> <span class='ocrx_word' id='word_1_130' title='bbox 436 2322 511 2364; x_wconf 84' lang='lat' dir='ltr'>esse</span> <span class='ocrx_word' id='word_1_131' title='bbox 537 2302 773 2367; x_wconf 74' lang='lat' dir='ltr'>coniecturam</span> <span class='ocrx_word' id='word_1_132' title='bbox 798 2299 1032 2366; x_wconf 76' lang='lat' dir='ltr'>concedamus</span> <span class='ocrx_word' id='word_1_133' title='bbox 1056 2320 1196 2364; x_wconf 84' lang='lat' dir='ltr'>neeesse</span> <span class='ocrx_word' id='word_1_134' title='bbox 1219 2298 1266 2362; x_wconf 89' lang='lat' dir='ltr'>vi-</span> 
     </span>
     <span class='ocr_line' id='line_1_20' title="bbox 198 2404 1267 2492; baseline 0 -24"><span class='ocrx_word' id='word_1_135' title='bbox 198 2404 298 2470; x_wconf 90' lang='lat' dir='ltr'>detur</span> <span class='ocrx_word' id='word_1_136' title='bbox 314 2427 445 2484; x_wconf 72' lang='lat' dir='ltr'>eorum,</span> <span class='ocrx_word' id='word_1_137' title='bbox 471 2409 533 2492; x_wconf 90' lang='lat' dir='ltr'>qui</span> <span class='ocrx_word' id='word_1_138' title='bbox 558 2408 704 2473; x_wconf 81' lang='lat' dir='ltr'>verbum</span> <span class='ocrx_word' id='word_1_139' title='bbox 719 2407 808 2473; x_wconf 90' lang='lat' dir='ltr'>illud</span> <span class='ocrx_word' id='word_1_140' title='bbox 825 2407 920 2473; x_wconf 76' lang='grc' dir='ltr'><em>δοκεῖ</em></span> <span class='ocrx_word' id='word_1_141' title='bbox 934 2429 1008 2472; x_wconf 85' lang='grc' dir='ltr'><em>εεεε</em></span> <span class='ocrx_word' id='word_1_142' title='bbox 1025 2405 1267 2492; x_wconf 85' lang='lat' dir='ltr'>epimythistae</span> 
     </span>
     <span class='ocr_line' id='line_1_21' title="bbox 197 2511 1268 2601; baseline 0.002 -28"><span class='ocrx_word' id='word_1_143' title='bbox 197 2511 240 2575; x_wconf 89' lang='lat' dir='ltr'>de</span> <span class='ocrx_word' id='word_1_144' title='bbox 279 2534 342 2578; x_wconf 91' lang='lat' dir='ltr'>sua</span> <span class='ocrx_word' id='word_1_145' title='bbox 381 2513 490 2598; x_wconf 88' lang='lat' dir='ltr'>ipsius</span> <span class='ocrx_word' id='word_1_146' title='bbox 529 2537 565 2580; x_wconf 90' lang='lat' dir='ltr'>re</span> <span class='ocrx_word' id='word_1_147' title='bbox 603 2517 726 2581; x_wconf 81' lang='lat' dir='ltr'>incerti</span> <span class='ocrx_word' id='word_1_148' title='bbox 765 2516 899 2601; x_wconf 92' lang='lat' dir='ltr'>opinati</span> <span class='ocrx_word' id='word_1_149' title='bbox 938 2526 1019 2578; x_wconf 86' lang='lat' dir='ltr'>sunt</span> <span class='ocrx_word' id='word_1_150' title='bbox 1055 2515 1104 2595; x_wconf 88' lang='lat' dir='ltr'>(iu</span> <span class='ocrx_word' id='word_1_151' title='bbox 1140 2513 1268 2597; x_wconf 82' lang='lat' dir='ltr'>quibus</span> 
     </span>
     <span class='ocr_line' id='line_1_22' title="bbox 202 2618 1267 2707; baseline -0.002 -24"><span class='ocrx_word' id='word_1_152' title='bbox 202 2618 375 2684; x_wconf 89' lang='lat' dir='ltr'>Hoohium</span> <span class='ocrx_word' id='word_1_153' title='bbox 415 2641 665 2701; x_wconf 86' lang='lat' dir='ltr'>eom1nemoro;</span> <span class='ocrx_word' id='word_1_154' title='bbox 702 2620 744 2686; x_wconf 83' lang='lat' dir='ltr'>ef.</span> <span class='ocrx_word' id='word_1_155' title='bbox 770 2642 847 2707; x_wconf 83' lang='lat' dir='ltr'>pag.</span> <span class='ocrx_word' id='word_1_156' title='bbox 874 2622 939 2703; x_wconf 81' lang='grc'><strong>26).</strong></span> <span class='ocrx_word' id='word_1_157' title='bbox 995 2620 1084 2685; x_wconf 80' lang='lat' dir='ltr'>Nam</span> <span class='ocrx_word' id='word_1_158' title='bbox 1110 2639 1199 2703; x_wconf 89' lang='lat' dir='ltr'>quae</span> <span class='ocrx_word' id='word_1_159' title='bbox 1223 2618 1267 2681; x_wconf 91' lang='lat' dir='ltr'>le-</span> 
     </span>
     <span class='ocr_line' id='line_1_23' title="bbox 195 2726 1267 2813; baseline -0.002 -23"><span class='ocrx_word' id='word_1_160' title='bbox 195 2733 327 2805; x_wconf 78' lang='lat' dir='ltr'>guntur</span> <span class='ocrx_word' id='word_1_161' title='bbox 338 2728 375 2790; x_wconf 88' lang='lat' dir='ltr'>in</span> <span class='ocrx_word' id='word_1_162' title='bbox 389 2728 589 2813; x_wconf 58' lang='lat' dir='ltr'>epimpthiis</span> <span class='ocrx_word' id='word_1_163' title='bbox 605 2726 699 2794; x_wconf 78' lang='lat' dir='ltr'>labb.</span> <span class='ocrx_word' id='word_1_164' title='bbox 714 2728 757 2791; x_wconf 73' lang='lat'>(36</span> <span class='ocrx_word' id='word_1_165' title='bbox 770 2751 801 2794; x_wconf 78' lang='lat' dir='ltr'>r.</span> <span class='ocrx_word' id='word_1_166' title='bbox 817 2730 835 2792; x_wconf 76' lang='grc' dir='ltr'>ῖ</span> <span class='ocrx_word' id='word_1_167' title='bbox 855 2728 907 2794; x_wconf 85' lang='grc' dir='ltr'>ὁιό</span> <span class='ocrx_word' id='word_1_168' title='bbox 922 2750 981 2810; x_wconf 87' lang='grc' dir='ltr'>μοι</span> <span class='ocrx_word' id='word_1_169' title='bbox 998 2726 1202 2793; x_wconf 74' lang='grc' dir='ltr'><em>δοκοῦσιν</em></span> <span class='ocrx_word' id='word_1_170' title='bbox 1216 2776 1223 2790; x_wconf 90' lang='grc'><strong>.</strong></span> <span class='ocrx_word' id='word_1_171' title='bbox 1238 2777 1245 2790; x_wconf 95' lang='grc'><strong>.</strong></span> <span class='ocrx_word' id='word_1_172' title='bbox 1261 2777 1267 2789; x_wconf 94' lang='grc'><strong>.</strong></span> 
     </span>
     <span class='ocr_line' id='line_1_24' title="bbox 195 2831 1267 2919; baseline 0.003 -26"><span class='ocrx_word' id='word_1_173' title='bbox 195 2844 231 2896; x_wconf 87' lang='lat' dir='ltr'>et</span> <span class='ocrx_word' id='word_1_174' title='bbox 253 2833 341 2911; x_wconf 75' lang='lat'>23‚9</span> <span class='ocrx_word' id='word_1_175' title='bbox 365 2834 528 2900; x_wconf 68' lang='grc' dir='ltr'><em>ἐντεῦθεν</em></span> <span class='ocrx_word' id='word_1_176' title='bbox 551 2838 644 2919; x_wconf 84' lang='grc' dir='ltr'>ἡμᾶς</span> <span class='ocrx_word' id='word_1_177' title='bbox 667 2838 758 2902; x_wconf 67' lang='grc' dir='ltr'><strong>τοῦτ’</strong></span> <span class='ocrx_word' id='word_1_178' title='bbox 789 2833 903 2900; x_wconf 83' lang='grc' dir='ltr'><em>ἔοικε</em></span> <span class='ocrx_word' id='word_1_179' title='bbox 938 2835 1113 2916; x_wconf 77' lang='grc' dir='ltr'><em>γινώσκειν</em></span> <span class='ocrx_word' id='word_1_180' title='bbox 1144 2831 1197 2896; x_wconf 75' lang='lat' dir='ltr'>rel</span> <span class='ocrx_word' id='word_1_181' title='bbox 1231 2834 1267 2897; x_wconf 89' lang='lat' dir='ltr'>in</span> 
     </span>
     <span class='ocr_line' id='line_1_25' title="bbox 198 2938 1268 3029; baseline 0.002 -28"><span class='ocrx_word' id='word_1_182' title='bbox 198 2938 346 3005; x_wconf 85' lang='lat' dir='ltr'>Phaedri</span> <span class='ocrx_word' id='word_1_183' title='bbox 368 2938 437 3005; x_wconf 80' lang='lat' dir='ltr'>lab.</span> <span class='ocrx_word' id='word_1_184' title='bbox 463 2941 488 3013; x_wconf 84' lang='lat' dir='ltr'>l,</span> <span class='ocrx_word' id='word_1_185' title='bbox 505 2943 546 3005; x_wconf 87' lang='lat'>14</span> <span class='ocrx_word' id='word_1_186' title='bbox 571 2942 764 3029; x_wconf 61' lang='lat' dir='ltr'>epimpthio</span> <span class='ocrx_word' id='word_1_187' title='bbox 796 2941 872 3006; x_wconf 76' lang='lat' dir='ltr'>‘hoe</span> <span class='ocrx_word' id='word_1_188' title='bbox 903 2942 1075 3026; x_wconf 82' lang='lat' dir='ltr'>pertinere</span> <span class='ocrx_word' id='word_1_189' title='bbox 1111 2962 1188 3005; x_wconf 79' lang='lat' dir='ltr'>rere</span> <span class='ocrx_word' id='word_1_190' title='bbox 1223 2939 1268 3005; x_wconf 89' lang='lat' dir='ltr'>ad</span> 
     </span>
     <span class='ocr_line' id='line_1_26' title="bbox 197 3045 1267 3127; baseline 0.003 -19"><span class='ocrx_word' id='word_1_191' title='bbox 197 3045 272 3110; x_wconf 86' lang='lat' dir='ltr'>illos</span> <span class='ocrx_word' id='word_1_192' title='bbox 297 3045 484 3112; x_wconf 76' lang='lat' dir='ltr'>dixerim‘·</span> <span class='ocrx_word' id='word_1_193' title='bbox 514 3069 644 3127; x_wconf 74' lang='lat' dir='ltr'>vereor,</span> <span class='ocrx_word' id='word_1_194' title='bbox 681 3071 725 3113; x_wconf 90' lang='lat' dir='ltr'>ne</span> <span class='ocrx_word' id='word_1_195' title='bbox 755 3051 821 3115; x_wconf 86' lang='lat' dir='ltr'>hoo</span> <span class='ocrx_word' id='word_1_196' title='bbox 858 3047 953 3114; x_wconf 85' lang='grc' dir='ltr'><em>ὁοκεῖ</em></span> <span class='ocrx_word' id='word_1_197' title='bbox 986 3068 1058 3113; x_wconf 91' lang='lat' dir='ltr'>non</span> <span class='ocrx_word' id='word_1_198' title='bbox 1093 3054 1267 3112; x_wconf 84' lang='lat' dir='ltr'>tueantur.</span> 
     </span>
     <span class='ocr_line' id='line_1_27' title="bbox 195 3151 1269 3240; baseline 0.001 -23"><span class='ocrx_word' id='word_1_199' title='bbox 195 3151 283 3218; x_wconf 77' lang='grc' dir='ltr'><em>ἔοικε</em></span> <span class='ocrx_word' id='word_1_200' title='bbox 307 3154 401 3218; x_wconf 87' lang='lat' dir='ltr'>enim</span> <span class='ocrx_word' id='word_1_201' title='bbox 426 3177 498 3220; x_wconf 92' lang='lat' dir='ltr'>non</span> <span class='ocrx_word' id='word_1_202' title='bbox 513 3154 671 3220; x_wconf 76' lang='lat' dir='ltr'>&#39;ridetur</span> <span class='ocrx_word' id='word_1_203' title='bbox 697 3176 781 3226; x_wconf 77' lang='lat' dir='ltr'>esse,</span> <span class='ocrx_word' id='word_1_204' title='bbox 799 3155 860 3220; x_wconf 88' lang='lat' dir='ltr'>sed</span> <span class='ocrx_word' id='word_1_205' title='bbox 886 3159 1181 3233; x_wconf 83' lang='lat' dir='ltr'>&#39;oorrsenta11eu111‚</span> <span class='ocrx_word' id='word_1_206' title='bbox 1207 3177 1269 3240; x_wconf 82' lang='lat' dir='ltr'>par</span> 
     </span>
     <span class='ocr_line' id='line_1_28' title="bbox 196 3258 1269 3345; baseline 0.004 -26"><span class='ocrx_word' id='word_1_207' title='bbox 196 3263 261 3337; x_wconf 68' lang='lat' dir='ltr'>est&#39;¹</span> <span class='ocrx_word' id='word_1_208' title='bbox 284 3281 389 3345; x_wconf 89' lang='lat' dir='ltr'>supra</span> <span class='ocrx_word' id='word_1_209' title='bbox 413 3261 517 3329; x_wconf 89' lang='lat' dir='ltr'>dooui</span> <span class='ocrx_word' id='word_1_210' title='bbox 542 3264 634 3345; x_wconf 86' lang='lat' dir='ltr'>(pag.</span> <span class='ocrx_word' id='word_1_211' title='bbox 660 3262 726 3344; x_wconf 82' lang='lat'><strong>39).</strong></span> <span class='ocrx_word' id='word_1_212' title='bbox 763 3269 868 3345; x_wconf 87' lang='lat' dir='ltr'>atque</span> <span class='ocrx_word' id='word_1_213' title='bbox 899 3262 1037 3327; x_wconf 76' lang='grc' dir='ltr'><em>δοκοῦσι</em></span> <span class='ocrx_word' id='word_1_214' title='bbox 1061 3262 1097 3325; x_wconf 94' lang='lat' dir='ltr'>in</span> <span class='ocrx_word' id='word_1_215' title='bbox 1132 3258 1200 3325; x_wconf 84' lang='lat' dir='ltr'>lab.</span> <span class='ocrx_word' id='word_1_216' title='bbox 1226 3262 1269 3325; x_wconf 76' lang='lat' dir='ltr'>oo</span> 
     </span>
     <span class='ocr_line' id='line_1_29' title="bbox 196 3367 1268 3454; baseline 0.003 -25"><span class='ocrx_word' id='word_1_217' title='bbox 196 3367 400 3451; x_wconf 66' lang='lat' dir='ltr'>ep‘impthio</span> <span class='ocrx_word' id='word_1_218' title='bbox 437 3377 559 3454; x_wconf 78' lang='lat' dir='ltr'>utpote</span> <span class='ocrx_word' id='word_1_219' title='bbox 597 3368 694 3453; x_wconf 87' lang='lat' dir='ltr'>quod</span> <span class='ocrx_word' id='word_1_220' title='bbox 729 3368 831 3450; x_wconf 84' lang='lat' dir='ltr'>longe</span> <span class='ocrx_word' id='word_1_221' title='bbox 856 3368 951 3432; x_wconf 84' lang='lat' dir='ltr'>eliud</span> <span class='ocrx_word' id='word_1_222' title='bbox 983 3368 1026 3431; x_wconf 88' lang='lat' dir='ltr'>sit</span> <span class='ocrx_word' id='word_1_223' title='bbox 1061 3388 1166 3451; x_wconf 68' lang='lat' dir='ltr'>qutun</span> <span class='ocrx_word' id='word_1_224' title='bbox 1202 3367 1268 3432; x_wconf 85' lang='lat' dir='ltr'>hoe</span> 
     </span>
     <span class='ocr_line' id='line_1_30' title="bbox 195 3472 1268 3557; baseline -0.001 -21"><span class='ocrx_word' id='word_1_225' title='bbox 195 3474 310 3557; x_wconf 85' lang='lat' dir='ltr'>ipsum</span> <span class='ocrx_word' id='word_1_226' title='bbox 336 3473 438 3541; x_wconf 82' lang='grc' dir='ltr'><em>ὁοκεῖ.</em></span> <span class='ocrx_word' id='word_1_227' title='bbox 476 3474 562 3540; x_wconf 89' lang='lat' dir='ltr'>nihil</span> <span class='ocrx_word' id='word_1_228' title='bbox 602 3474 807 3541; x_wconf 74' lang='lat' dir='ltr'>offensionis</span> <span class='ocrx_word' id='word_1_229' title='bbox 838 3475 965 3539; x_wconf 82' lang='lat' dir='ltr'>habere</span> <span class='ocrx_word' id='word_1_230' title='bbox 1001 3472 1120 3538; x_wconf 86' lang='lat' dir='ltr'>fabula</span> <span class='ocrx_word' id='word_1_231' title='bbox 1143 3472 1201 3538; x_wconf 88' lang='lat' dir='ltr'>illa</span> <span class='ocrx_word' id='word_1_232' title='bbox 1225 3475 1268 3537; x_wconf 74' lang='lat' dir='ltr'>(it</span> 
     </span>
    </p>
   </div>
   <div class='ocr_carea' id='block_1_3' title="bbox 192 3666 1268 4180">
    <p class='ocr_par' dir='ltr' id='par_1_4' title="bbox 192 3666 1268 4180">
     <span class='ocr_line' id='line_1_31' title="bbox 302 3666 1268 3736; baseline 0.002 -16"><span class='ocrx_word' id='word_1_233' title='bbox 302 3666 348 3729; x_wconf 75' lang='grc' dir='ltr'>ΠΟ)</span> <span class='ocrx_word' id='word_1_234' title='bbox 369 3680 446 3722; x_wconf 85' lang='lat' dir='ltr'>reete</span> <span class='ocrx_word' id='word_1_235' title='bbox 468 3673 526 3721; x_wconf 90' lang='lat' dir='ltr'>iam</span> <span class='ocrx_word' id='word_1_236' title='bbox 548 3669 765 3722; x_wconf 71' lang='lat' dir='ltr'>Boissonadius¹</span> <span class='ocrx_word' id='word_1_237' title='bbox 786 3670 850 3724; x_wconf 86' lang='lat' dir='ltr'>eod.</span> <span class='ocrx_word' id='word_1_238' title='bbox 870 3671 894 3721; x_wconf 71' lang='lat' dir='ltr'>A</span> <span class='ocrx_word' id='word_1_239' title='bbox 916 3671 1091 3735; x_wconf 76' lang='lat' dir='ltr'>seripturam</span> <span class='ocrx_word' id='word_1_240' title='bbox 1113 3669 1161 3721; x_wconf 76' lang='grc' dir='ltr'>τὸν</span> <span class='ocrx_word' id='word_1_241' title='bbox 1180 3670 1268 3736; x_wconf 66' lang='grc' dir='ltr'><strong><em>αὐτὸς</em></strong></span> 
     </span>
     <span class='ocr_line' id='line_1_32' title="bbox 192 3757 1267 3826; baseline -0.002 -17"><span class='ocrx_word' id='word_1_242' title='bbox 192 3760 286 3812; x_wconf 79' lang='grc' dir='ltr'><strong><em>αὐτοῦ</em></strong></span> <span class='ocrx_word' id='word_1_243' title='bbox 304 3760 429 3811; x_wconf 84' lang='lat' dir='ltr'>mutavit</span> <span class='ocrx_word' id='word_1_244' title='bbox 452 3761 482 3810; x_wconf 89' lang='lat' dir='ltr'>in</span> <span class='ocrx_word' id='word_1_245' title='bbox 503 3759 554 3811; x_wconf 70' lang='grc' dir='ltr'>τὸν</span> <span class='ocrx_word' id='word_1_246' title='bbox 574 3759 663 3826; x_wconf 72' lang='grc' dir='ltr'><strong><em>αὐτὸς</em></strong></span> <span class='ocrx_word' id='word_1_247' title='bbox 683 3761 781 3812; x_wconf 77' lang='grc' dir='ltr'><strong><em>αὑτοῦ.</em></strong></span> <span class='ocrx_word' id='word_1_248' title='bbox 822 3761 862 3811; x_wconf 75' lang='lat' dir='ltr'>lle</span> <span class='ocrx_word' id='word_1_249' title='bbox 883 3775 940 3823; x_wconf 80' lang='lat' dir='ltr'>qna</span> <span class='ocrx_word' id='word_1_250' title='bbox 961 3759 1128 3810; x_wconf 79' lang='lat' dir='ltr'>elocutione</span> <span class='ocrx_word' id='word_1_251' title='bbox 1158 3757 1267 3809; x_wconf 64' lang='lat' dir='ltr'>exiluit»</span> 
     </span>
     <span class='ocr_line' id='line_1_33' title="bbox 195 3846 1268 3913; baseline 0.003 -17"><span class='ocrx_word' id='word_1_252' title='bbox 195 3849 310 3900; x_wconf 68' lang='lat' dir='ltr'>Graeca</span> <span class='ocrx_word' id='word_1_253' title='bbox 329 3848 366 3900; x_wconf 85' lang='lat' dir='ltr'>ef.</span> <span class='ocrx_word' id='word_1_254' title='bbox 387 3864 462 3913; x_wconf 62' lang='lat' dir='ltr'>«puae</span> <span class='ocrx_word' id='word_1_255' title='bbox 478 3849 647 3910; x_wconf 66' lang='lat' dir='ltr'>Krnegerus</span> <span class='ocrx_word' id='word_1_256' title='bbox 668 3849 782 3900; x_wconf 83' lang='lat' dir='ltr'>monuit</span> <span class='ocrx_word' id='word_1_257' title='bbox 804 3864 926 3911; x_wconf 66' lang='lat' dir='ltr'>gramm.</span> <span class='ocrx_word' id='word_1_258' title='bbox 937 3851 953 3907; x_wconf 63' lang='grc' dir='ltr'><strong>ξ</strong></span> <span class='ocrx_word' id='word_1_259' title='bbox 964 3846 1005 3902; x_wconf 69' lang='lat' dir='ltr'>sil.</span> <span class='ocrx_word' id='word_1_260' title='bbox 1017 3847 1041 3899; x_wconf 79' lang='lat'>2.</span> <span class='ocrx_word' id='word_1_261' title='bbox 1055 3846 1096 3899; x_wconf 76' lang='lat'>13.</span> <span class='ocrx_word' id='word_1_262' title='bbox 1125 3847 1268 3899; x_wconf 78' lang='lat' dir='ltr'>Similiter</span> 
     </span>
     <span class='ocr_line' id='line_1_34' title="bbox 194 3936 1267 4003; baseline 0.002 -18"><span class='ocrx_word' id='word_1_263' title='bbox 194 3937 358 4003; x_wconf 78' lang='lat' dir='ltr'>Sophocles</span> <span class='ocrx_word' id='word_1_264' title='bbox 387 3937 418 3989; x_wconf 87' lang='lat' dir='ltr'>in</span> <span class='ocrx_word' id='word_1_265' title='bbox 439 3936 511 3989; x_wconf 81' lang='lat' dir='ltr'>(led.</span> <span class='ocrx_word' id='word_1_266' title='bbox 535 3938 597 3989; x_wconf 74' lang='lat' dir='ltr'>t‘ol.</span> <span class='ocrx_word' id='word_1_267' title='bbox 619 3936 703 3989; x_wconf 71' lang='lat' dir='ltr'>isso:</span> <span class='ocrx_word' id='word_1_268' title='bbox 736 3937 785 3989; x_wconf 72' lang='lat' dir='ltr'>nie</span> <span class='ocrx_word' id='word_1_269' title='bbox 814 3937 902 4002; x_wconf 75' lang='grc' dir='ltr'><strong><em>αὐτὸς</em></strong></span> <span class='ocrx_word' id='word_1_270' title='bbox 931 3939 1021 3989; x_wconf 68' lang='grc' dir='ltr'><strong><em>αὑτοῦ</em></strong></span> <span class='ocrx_word' id='word_1_271' title='bbox 1049 3937 1162 4000; x_wconf 65' lang='grc' dir='ltr'><strong><em>πατέρα</em></strong></span> <span class='ocrx_word' id='word_1_272' title='bbox 1191 3936 1267 3988; x_wconf 69' lang='lat' dir='ltr'>tried</span> 
     </span>
     <span class='ocr_line' id='line_1_35' title="bbox 194 4024 1266 4092; baseline -0.005 -14"><span class='ocrx_word' id='word_1_273' title='bbox 194 4024 352 4091; x_wconf 72' lang='grc' dir='ltr'>ἀπήλασας</span> <span class='ocrx_word' id='word_1_274' title='bbox 372 4057 387 4063; x_wconf 89' lang='grc'>-</span> <span class='ocrx_word' id='word_1_275' title='bbox 425 4024 626 4078; x_wconf 75' lang='lat' dir='ltr'>Eberhardius</span> <span class='ocrx_word' id='word_1_276' title='bbox 641 4027 741 4078; x_wconf 85' lang='lat' dir='ltr'>maluit</span> <span class='ocrx_word' id='word_1_277' title='bbox 763 4026 851 4092; x_wconf 69' lang='grc' dir='ltr'><strong><em>αὐτὸς</em></strong></span> <span class='ocrx_word' id='word_1_278' title='bbox 872 4026 920 4078; x_wconf 78' lang='grc' dir='ltr'>τὸν</span> <span class='ocrx_word' id='word_1_279' title='bbox 939 4028 1037 4083; x_wconf 72' lang='grc' dir='ltr'><strong><em>αὑτοῦ,</em></strong></span> <span class='ocrx_word' id='word_1_280' title='bbox 1061 4024 1266 4077; x_wconf 61' lang='grc' dir='ltr'><em>Ιιειὶιιιιειιιιιιε</em></span> 
     </span>
     <span class='ocr_line' id='line_1_36' title="bbox 194 4113 498 4180; baseline 0 -14"><span class='ocrx_word' id='word_1_281' title='bbox 194 4114 230 4167; x_wconf 78' lang='grc' dir='ltr'>ιὰ</span> <span class='ocrx_word' id='word_1_282' title='bbox 251 4115 273 4180; x_wconf 78' lang='grc' dir='ltr'>γ’</span> <span class='ocrx_word' id='word_1_283' title='bbox 290 4113 379 4179; x_wconf 70' lang='grc' dir='ltr'><strong><em>αὐτὸς</em></strong></span> <span class='ocrx_word' id='word_1_284' title='bbox 399 4117 498 4167; x_wconf 67' lang='grc' dir='ltr'><strong><em>αὑτοῦ.</em></strong></span> 
     </span>
    </p>
   </div>
   <div class='ocr_carea' id='block_1_4' title="bbox 0 0 1466 4786">
    <p class='ocr_par' dir='ltr' id='par_1_5' title="bbox 0 0 1466 4786">
     <span class='ocr_line' id='line_1_37' title="bbox 0 0 1466 4786; baseline 0 4"><span class='ocrx_word' id='word_1_285' title='bbox 0 0 1466 4786; x_wconf 95' lang='lat' dir='ltr'> </span> 
     </span>
    </p>
   </div>
  </div>
 </body>
</html>
