2924 4786
657 267 856 331 -122-

229 457 366 540 Equum
391 452 515 537 aliquis
532 449 687 535 quotidie
704 447 848 532 fricabat
872 444 1101 532 pectebatque
1128 442 1293 507 distracto

227 563 272 627 ad
295 559 490 647 potandum
513 558 645 622 horreo.
695 554 759 621 Cui
783 575 910 639 equus:
949 553 987 617 ‘si
1010 573 1066 616 me
1091 551 1188 636 cupis
1216 549 1293 634 pul-

228 670 351 734 chrum
374 664 458 737 iien',
484 665 649 729 alimenta
672 685 716 728 ne
740 661 892 727 vendas?

335 773 486 838 Fabulae
512 771 609 836 cedd.
627 770 658 834 A
675 778 707 834 et
724 769 754 834 V
770 769 871 834 nobis
894 752 1040 834 traditae
1062 766 1292 853 epimythium

230 883 454 947 subiunctum
480 886 531 943 est
558 880 594 943 in
631 877 703 941 selo
728 877 801 942 ced.
827 875 866 940 A.
893 881 1090 961 separatum
1115 896 1135 939 a
1158 893 1295 959 praece-

231 988 395 1053 dentibus
423 995 455 1051 et
484 993 667 1070 tamquam
703 985 810 1050 oratio
846 984 1013 1069 pedestris
1047 981 1169 1047 litteris
1205 1001 1295 1064 quae

232 1097 394 1160 dicuntur
418 1092 613 1158 uncialibus
637 1093 817 1176 scriptum:

232 1203 283 1267 dai
307 1204 540 1282 abendoniae
565 1198 699 1264 δεῖνὸν
724 1199 890 1283 φιλοῦντα
916 1197 1105 1282 φροντίζειν
1128 1197 1184 1261 καὶ

233 1310 481 1393 συμφερόντων
495 1329 500 1343 ·
515 1309 645 1389 κόσμος
660 1329 697 1389 γ·
716 1308 773 1379 (=
786 1306 865 1391 γάρ)
881 1305 981 1371 οὐδὲν
998 1305 1122 1388 ὠνήσει
1138 1302 1197 1368 τὸν
1213 1301 1298 1366 ἀπο-

234 1422 360 1498 ροῦντα
384 1420 454 1480 τῶν
479 1415 682 1496 ἀναγκαίων.

341 1523 416 1587 Hoc
429 1521 670 1607 epimythium,
685 1542 902 1605 quamquam
913 1519 1188 1585 cheliamberum
1198 1516 1299 1580 vesti-

234 1632 289 1714 gia
332 1628 418 1694 adeo
460 1626 645 1693 manifesta
687 1649 760 1692 esse
798 1627 1026 1692 Boissenadie
1062 1623 1224 1702 concede,
1260 1632 1300 1687 ut

235 1736 334 1802 facile
358 1757 477 1801 versus
500 1736 736 1813 restituantur,
772 1742 891 1799 tamen
926 1756 988 1819 pre
1025 1739 1115 1799 certe
1151 1729 1300 1796 affirma-

237 1845 343 1908 verim
368 1864 439 1907 nen
462 1841 666 1907 habendum
695 1843 828 1908 essem
864 1864 1009 1907 numere
1045 1861 1175 1917 eorum,
1211 1859 1301 1922 quae

238 1953 306 2014 sint
329 1950 439 2035 ipsius
463 1948 587 2014 Babrii.
636 1950 881 2034 Praeterquam
907 1952 1000 2014 enim
1025 1947 1120 2033 qued
1148 1945 1303 2011 similiter

239 2063 343 2141 atque
371 2058 408 2120 in
433 2057 630 2142 epimythiis
655 2057 746 2122 iabb.
773 2058 815 2121 33
840 2066 873 2122 et
898 2059 949 2138 71,
976 2079 1065 2144 quae
1090 2056 1205 2142 spuria
1229 2074 1303 2117 esse

241 2164 344 2228 mode
385 2163 638 2231 demonstrasse
682 2167 766 2232 mihi
801 2165 929 2244 videor,
974 2165 1131 2231 debiliter
1164 2161 1304 2225 initium

240 2272 374 2356 capitur
398 2293 417 2335 a
442 2273 685 2338 coniunctione
710 2273 770 2352 ὅτι,
796 2272 891 2337 aliud
915 2279 1025 2338 exstat
1049 2275 1304 2354 argumentum,

241 2398 311 2462 que
346 2377 433 2441 illud
468 2399 541 2442 nen
577 2379 807 2463 epimythium
832 2378 987 2442 uersibus
1022 2377 1197 2443 inclusum
1232 2396 1305 2440 esse

241 2485 407 2569 probatur
431 2484 492 2548 sod
510 2485 705 2569 pedestrem
723 2482 1010 2550 affabulatienem
1026 2484 1145 2550 multis
1161 2484 1306 2548 mixtam

242 2590 455 2668 ‹eholiambis
482 2591 524 2655 de
542 2592 670 2677 quibus
686 2591 774 2671 vide,
801 2614 890 2677 quae
916 2614 1019 2677 supra
1037 2590 1169 2657 centuli
1183 2611 1260 2676 pag.
1277 2590 1306 2665 l,

243 2698 322 2763 adn.
342 2700 371 2763 3.
415 2697 618 2763 Dindoriius
654 2700 756 2779 enim,
794 2700 855 2784 qui
889 2700 1006 2783 ipsum
1041 2699 1114 2764 cod.
1140 2697 1171 2762 A
1195 2694 1307 2762 conie-

244 2805 343 2870 rendi
366 2806 544 2889 negotium
571 2809 730 2892 suscepit,
768 2808 934 2890 scriptum
971 2830 1043 2871 esse
1078 2806 1145 2870 hoc
1181 2805 1308 2891 opimy·

244 2913 358 2976 thium
397 2914 535 2978 monuit
574 2923 611 2977 ut
654 2912 829 2997 pedestres
866 2912 939 2975 rod.
976 2912 1007 2976 A
1042 2911 1310 2978 affabulatienes

246 3019 441 3083 uncialibus
464 3021 585 3086 litteris
610 3026 714 3102 atque
746 3025 944 3102 separatum
969 3041 989 3083 a
1012 3018 1309 3105 praecedentibus,

247 3148 327 3190 eum
352 3124 550 3213 epimythiaf
572 3125 729 3189 versibus
752 3125 887 3190 inclusa
910 3124 1030 3191 litteris
1060 3127 1119 3212 qui
1144 3133 1312 3191 vocantur

248 3234 391 3297 cursivis
427 3234 552 3319 scripta
589 3255 666 3297 cum
703 3233 787 3319 ipsis
824 3232 952 3298 fabulis
993 3235 1215 3299 cohaererent
1255 3231 1309 3316 (ci.

251 3338 369 3404 Philel.
403 3339 596 3406 vestitvit
621 3342 733 3422 (1861)
769 3360 845 3424 pag.
877 3341 939 3402 321.
973 3346 1071 3426 sqq).
1120 3341 1185 3405 Pro
1221 3346 1312 3407 certo

248 3449 352 3529 igitur
391 3444 554 3513 aiiinnari
600 3453 713 3532 petest
752 3447 818 3510 her
865 3447 1107 3530 epimythium,
1155 3447 1314 3531 quamvis

249 3552 457 3639 respoudeat
481 3555 596 3618 sensui
622 3551 771 3631 fabulae,
808 3552 924 3617 Babrii
955 3575 1027 3618 nen
1052 3577 1124 3619 esse
1161 3554 1222 3619 sed
1255 3554 1314 3618 he-

250 3661 364 3733 minis,
390 3660 451 3744 qui
475 3660 665 3745 epimythia
682 3682 701 3724 a
718 3660 844 3725 Bebrio
860 3659 1016 3724 versibus
1039 3661 1174 3726 inclusa
1189 3660 1314 3725 imitari

252 3775 397 3833 cenatus
429 3767 524 3851 quod
562 3768 737 3852 inceperat
768 3767 812 3831 ad
840 3765 945 3831 finem
990 3790 1101 3853 usquc
1136 3788 1209 3831 non
1244 3789 1316 3854 per-

253 3873 360 3952 duxit,
374 3875 469 3938 itaut
478 3873 681 3963 aiialmlatie
691 3876 849 3939 existeret
860 3872 1135 3939 cheliamberum
1146 3871 1317 3959 plenam)

359 4014 405 4082 Μ’)
426 4017 506 4081 qued
527 4034 595 4069 vero
615 4016 690 4069 duae
711 4016 942 4069 effraenationes
962 4014 1114 4080 pedestres
1135 4016 1185 4066 uni
1199 4016 1318 4068 fabulae

254 4104 373 4157 additae
393 4114 470 4161 sunt.
491 4124 549 4159 non
571 4113 623 4161 est.
644 4126 695 4161 cur
719 4106 842 4160 mireris.
886 4104 1083 4170 Paraphrases
1113 4104 1193 4156 enim
1212 4104 1237 4156 si
1256 4121 1319 4170 per-
