2924 4786
614 281 792 345 -15-

169 461 201 525 ll.
217 459 266 522 lli.
306 457 324 522 ὁ
346 459 395 541 μὴ
420 457 462 523 τὰ
484 457 588 541 μικρὰ
611 457 703 541 πλὴν
725 456 846 541 βέβαια
870 461 1021 542 τηρήσας

301 565 448 647 μάταιός
470 565 570 643 ἐστιν,
595 563 638 648 ἣν
661 562 772 647 ἄδηλα
796 563 940 649 θηρεύῃ.

171 690 387 754 Sententiam
410 688 524 775 lepide
550 687 694 754 (liotaml
720 710 810 772 quae
835 689 968 755 nullam
993 712 1134 756 causam
1152 714 1238 769 esse,

170 818 231 861 eur
254 796 298 861 ab
323 795 536 861 Eberhardio
572 795 768 873 damnetur,
805 796 861 860 iix
897 817 985 882 opus
1009 805 1061 862 est
1084 819 1237 862 monere.

170 908 283 984 Quare
309 904 401 968 enim
437 902 478 982 ‘6,
494 903 544 967 16.
581 903 689 968 totius
725 900 864 968 fabulae
900 905 1109 970 sententiam
1145 903 1236 968 male

170 1011 373 1096 exprimant
410 1008 464 1091 (cl.
490 1009 683 1075 Eberhardi
719 1009 986 1076 'observationes
1022 1010 1238 1087 Babrianae‚'

173 1115 285 1180 Berlin
311 1115 396 1181 1865
432 1138 508 1202 pag.
535 1117 568 1197 5)
604 1115 657 1180 rel
682 1117 764 1182 ‘tota
801 1119 972 1183 sententia
1007 1115 1239 1183 affabulatore

169 1223 284 1306 potius
321 1244 428 1308 quam
453 1222 580 1288 Babrio
616 1222 776 1289 videatur
811 1222 916 1307 digna
952 1227 1036 1289 csse'
1073 1221 1127 1299 (cl.
1154 1223 1237 1292 edit.

169 1327 274 1413 prael.
289 1351 366 1414 pag.
380 1329 438 1407 X.)
455 1328 620 1414 equidem
636 1350 709 1394 non
725 1330 880 1413 intelligo
906 1352 969 1396 nec
993 1329 1240 1396 intellexerunt

169 1435 318 1501 editores
342 1459 386 1501 ne
409 1434 658 1502 Rutherlordio
691 1437 835 1521 quidem
862 1445 1017 1523 exceptu,
1043 1437 1105 1521 qui
1128 1458 1237 1520 quan-

169 1550 287 1626 topere
312 1542 503 1629 epimpthia
528 1552 678 1628 respuat,
704 1566 808 1630 supra
833 1544 1156 1610 demonstrauimus.

278 1647 416 1714 fabulae
453 1651 506 1728 20,
542 1651 578 1714 in
615 1672 685 1735 qua
720 1651 907 1716 Herculem
943 1651 1097 1716 bubulco
1133 1673 1236 1716 curru

169 1755 408 1840 imprudenter
431 1757 467 1821 in
493 1777 618 1821 cavum
644 1765 721 1822 acto
746 1759 857 1823 otiose
884 1757 1037 1823 adstanti
1060 1757 1238 1842 deumque

170 1861 370 1945 imploranti
394 1864 542 1927 suasisse
567 1861 725 1944 legimus,
743 1871 782 1927 ut
805 1884 877 1928 non
902 1863 1015 1929 solum
1039 1871 1151 1930 oraret
1175 1863 1238 1929 sed

170 1970 272 2033 etiarn
297 1969 371 2053 ipse
396 1967 576 2041 laboraret,
602 1968 831 2053 epimptlrium
868 1969 973 2034 latere
1007 1972 1044 2035 in
1079 1970 1238 2036 versibus

171 2076 188 2137 Ῐ
215 2086 246 2139 et
272 2077 306 2138 8:

170 2200 222 2265 20.
237 2201 265 2263 Ῑ.
650 2205 733 2280 ’τοῖς
756 2198 855 2282 θεοῖς
879 2199 1020 2282 ὁέὗχου,

302 2306 386 2371 ὅταν
409 2328 440 2371 τι
463 2312 566 2390 ποιῇς
588 2305 724 2387 rovedo
749 2305 770 2389 ἢ
793 2307 907 2389 μάτην
930 2306 1020 2391 εὔξῃ’

169 2432 247 2515 quis
271 2440 334 2495 est.
360 2432 446 2514 quin
470 2430 662 2514 intellegat!

277 2555 315 2618 ln
340 2552 408 2618 lab.
435 2554 477 2616 33
502 2554 545 2618 ab
571 2553 719 2637 agricola
743 2562 859 2620 narrat
882 2563 986 2640 poeta
1009 2555 1167 2638 graculos
1197 2559 1233 2621 in

169 2662 258 2743 agris
295 2661 366 2724 suis
401 2660 533 2724 semina
568 2658 721 2742 legentes
757 2661 898 2726 abactos
933 2683 1006 2726 esso
1043 2663 1237 2748 composito
1333 2720 1336 2724 .

169 2768 235 2832 hoc
260 2766 350 2834 dolo.
377 2774 416 2830 ut
439 2788 598 2851 puerum,
635 2767 697 2850 qui
719 2767 833 2851 ipsum
860 2776 1070 2852 sequeretur,
1107 2791 1236 2854 panem

168 2882 310 2959 peteret.
335 2895 422 2959 puer
445 2894 517 2938 non
541 2894 669 2959 panem
686 2872 782 2938 daret
807 2874 867 2938 sed
885 2873 1040 2939 lundam.
1088 2874 1234 2959 Fugien-

169 2994 243 3045 tum
269 3002 349 3045 vero
373 2980 592 3064 graculorum
629 3003 740 3045 uuum
775 2981 920 3067 gruibus
955 2979 1057 3064 fugae
1094 3003 1236 3048 causam

170 3087 434 3172 exquirentibus
457 3088 728 3173 respondentem
753 3086 835 3154 fecit
858 3096 974 3174 poeta:

169 3213 221 3277 33.
236 3213 287 3276 22.
718 3215 860 3296 ’φεύγετ’
886 3212 1088 3295 ἀνθρώπων

303 3320 399 3399 γένος
422 3318 585 3400 πονηρόν,
610 3317 699 3384 ἄλλα
721 3319 785 3401 μὲν
808 3319 896 3401 πρὸς
920 3319 1091 3403 ἀλλήλους

302 3423 420 3490 λαλεῖν
441 3424 641 3508 μαθόντων,
667 3424 755 3490 ἄλλα
779 3425 808 3491 ‹l'
833 3426 913 3507 ἔργα
936 3427 1151 3490 ποκηλντων.Ἰ

169 3550 253 3614 Mihi
278 3551 419 3634 quidem
445 3549 592 3615 dubium
618 3570 689 3615 uon
715 3559 775 3630 est,
801 3553 887 3636 quin
904 3550 1052 3615 llabrius
1076 3549 1142 3615 lroc
1165 3551 1236 3636 epi-

171 3656 341 3740 urptlriunr
367 3656 506 3722 fabulae
524 3656 669 3722 voluerit
687 3658 849 3741 intellegi.
868 3679 982 3742 neque
1000 3658 1061 3741 qui
1077 3654 1232 3721 fabulam

170 3760 380 3837 lectitaverit,
399 3763 537 3845 negabit
564 3764 627 3840 (De
653 3786 763 3835 versu,
788 3766 848 3850 qui
866 3765 1030 3849 sequitur.
1049 3763 1233 3828 subditicio

171 3865 280 3933 ὁεενόν
305 3870 342 3933 τὸ
367 3871 479 3953 potor
504 3922 510 3935 .
538 3922 544 3935 .
571 3921 577 3936 .
604 3921 611 3935 .
648 3871 725 3935 ride
750 3870 839 3936 inira
863 3893 939 3956 pag.
969 3871 1052 3945 ill).
1113 3870 1235 3954 Neque

169 3995 249 4039 vero
274 4000 358 4045 esse,
383 4000 444 4042 cur
468 3999 587 4041 versus
611 3978 687 4043 illos
704 3979 840 4063 spurios
855 3977 1060 4043 iurlicernus,
1085 3976 1120 4040 id
1138 3975 1232 4060 quod

169 4081 403 4148 Eberhardius
427 4083 512 4157 (obs.
535 4083 631 4149 llabr.
647 4105 723 4169 pag.
739 4085 772 4157 ὑ)
797 4093 831 4150 et
855 4080 1122 4149 llutherlordius
1139 4080 1234 4159 (edit.
