2970 4806
559 291 759 355 -103-

48 509 51 514 Δ
123 470 344 536 Laohmanni
368 491 482 554 neque
506 469 634 534 Hoohii
650 478 854 552 argumenta
867 467 979 534 valere
999 468 1192 554 quidquam

124 576 170 642 ad
204 577 269 641 hos
292 598 412 642 versus
446 575 637 641 reiciendos
667 575 920 641 demonstrasse
951 575 1039 645 mihi
1064 574 1192 648 videar,

124 684 359 771 epimythium
381 689 522 769 propter
543 703 655 747 unum
673 680 869 768 spondeum
884 682 923 746 in
939 681 1062 766 quinta
1074 702 1193 746 versus

125 791 205 856 sede
240 792 395 877 positum
430 791 530 873 (εἶναι
565 793 660 873 ταῖς),
697 811 803 874 quem
845 810 981 874 semper
1016 811 1036 853 a
1067 788 1192 853 Babrio

123 899 273 964 vitatum
308 920 382 962 esse
418 918 479 983 pro
516 903 608 962 oerto
633 894 800 962 affirmari
823 896 956 980 nequit,
982 894 1192 981 proscribere

123 1006 253 1071 veritus
287 1007 325 1069 in
361 1025 482 1070 eorum
516 1024 663 1069 numero
698 1002 821 1081 habeo,
853 1001 895 1084 de
924 1001 1053 1088 quibus
1076 1000 1193 1066 Babrii

125 1113 194 1178 sint
224 1133 344 1190 neone,
380 1112 490 1197 possit
514 1110 677 1189 dubitari,
700 1110 903 1196 praesertim
927 1131 1006 1174 oum
1030 1108 1191 1174 haeream

123 1221 161 1283 in
178 1218 359 1284 sententia,
384 1216 557 1302 Equidem
574 1217 670 1282 haud
687 1218 767 1295 soie,
786 1238 831 1281 an
849 1215 945 1281 aliud
961 1215 1190 1301 epimythium

125 1348 168 1391 ex
200 1326 266 1390 hae
290 1323 410 1391 fabula
441 1324 521 1389 duei
545 1333 579 1390 et
602 1325 711 1409 possit
735 1332 769 1389 et
793 1322 928 1388 debeat.
976 1323 1076 1400 Nam,
1102 1343 1192 1407 quae

124 1431 178 1496 leo
201 1431 299 1518 vulpi
334 1431 510 1498 oavillanti
531 1430 718 1517 respondet
747 1430 796 1514 (in
819 1452 868 1496 vs.
894 1430 1004 1512 6-8),
1031 1427 1192 1494 simulata

124 1560 198 1604 esse
233 1560 313 1604 eum
348 1544 422 1604 tota
453 1539 669 1603 enarratione
701 1538 958 1603 demonstratur
985 1545 1062 1602 tum
1086 1535 1191 1600 verbo

126 1649 279 1728 φρίσσειν
303 1649 347 1728 (v.
374 1646 417 1729 3),
443 1645 539 1730 quod
563 1666 699 1730 semper
721 1643 892 1709 indicium
915 1643 1047 1708 timoris
1072 1650 1132 1722 est,
1158 1651 1189 1706 et

123 1752 405 1838 paraphrasibua
441 1754 478 1817 in
514 1752 643 1837 quibus
678 1761 768 1817 reete
803 1749 924 1816 fabula
952 1751 1116 1836 inscripta
1140 1759 1190 1814 est

126 1859 224 1925 ’λέων
253 1863 321 1941 μῦν
353 1858 531 1942 φοβηθείς
562 1867 596 1924 et
621 1858 742 1943 φρίξας
764 1857 852 1922 illud
875 1857 964 1922 bene
989 1857 1192 1943 exprimitur

123 1966 304 2050 participio
341 1965 525 2049 ταραχθείς
559 1966 793 2050 (perterritus).
851 1965 923 2028 Leo
947 1964 980 2028 h.
1005 1963 1026 2027 l.
1052 1984 1087 2027 re
1111 1983 1190 2028 vera

124 2094 259 2136 murem
282 2072 492 2157 pe1timaseit
516 2080 555 2137 ut
575 2071 649 2136 aliis
664 2073 702 2137 in
718 2070 845 2136 fabulis
862 2070 992 2154 gallum
1009 2071 1189 2134 timentem

123 2178 283 2244 videmus
323 2177 376 2261 (ol.
418 2179 523 2243 Halm
562 2179 637 2257 323,
678 2179 769 2258 32311,
810 2178 913 2260 aon„
961 2176 1030 2240 Sed
1056 2175 1189 2261 pudore

123 2295 319 2351 commotus
353 2287 478 2351 iratum
517 2308 551 2350 se
588 2307 661 2350 esso
697 2285 845 2363 simulat,
875 2282 971 2369 quod
995 2304 1058 2348 sua
1081 2283 1190 2369 ipsius

123 2393 274 2476 dignitas
298 2415 317 2458 a
341 2415 439 2458 mure
464 2393 507 2458 sit
530 2391 666 2458 violata.
714 2393 836 2478 ltaque
862 2413 942 2456 oum
957 2390 1063 2456 verba
1079 2388 1189 2468 leonis

123 2503 183 2582 (va.
202 2501 312 2583 6-8),
331 2500 459 2586 quibus
476 2500 682 2585 persuadere
700 2499 816 2565 studet
832 2499 929 2584 vulpi
945 2519 1016 2563 non
1033 2497 1189 2561 timuisse

123 2629 197 2672 sese
220 2629 366 2687 murem,
393 2607 453 2672 sed
476 2608 604 2672 iratum
629 2628 701 2671 esse
720 2606 761 2671 de
779 2606 946 2689 dignitate
971 2625 1033 2669 sua
1055 2625 1189 2671 amum
1218 2624 1220 2628 ·

123 2713 225 2791 laesa,
251 2713 415 2779 simulata
440 2715 517 2793 sint,
543 2714 659 2778 neseio
684 2735 730 2778 an
753 2734 816 2798 pro
841 2711 1031 2798 epimythio
1056 2709 1130 2775 eod.
1148 2709 1187 2774 Α.

123 2829 158 2886 et
180 2820 454 2906 paraphrasium,
473 2819 569 2905 quod
586 2843 628 2884 ex
643 2819 757 2884 verbis
772 2817 838 2883 illis
856 2818 1025 2882 simulatis
1042 2818 1189 2902 petitum

124 2934 185 3004 est,
211 2925 425 2993 desideretur
449 2926 680 3013 epimythium
704 2927 770 2991 hoo
794 2923 882 2991 fere:
908 2922 1038 2990 ‘fabula
1063 2923 1107 2989 ad
1131 2943 1190 2987 eos

122 3034 281 3118 pertinet,
318 3035 388 3118 qui,
414 3035 476 3099 ubi
499 3032 656 3099 lecerunt
685 3033 770 3119 quid
798 3033 863 3098 sibi
886 3032 970 3118 ipsis
992 3030 1188 3113 indignum,

122 3140 210 3204 irrisi
234 3138 277 3204 ab
303 3140 430 3224 aliqu0,
458 3131 554 3225 quod
576 3139 741 3218 lecerunt,
767 3139 887 3205 lenisse
905 3160 940 3203 se
958 3137 1122 3203 simulant
1144 3135 1189 3202 ad

123 3268 223 3311 suam
254 3248 408 3332 ipsorum
439 3247 643 3329 dignitatem
667 3247 844 3313 tuendam’
872 3244 923 3310 vel
948 3245 1058 3309 simile
1082 3242 1186 3308 aliud.

122 3352 190 3418 fab.
216 3355 268 3417 84.

123 3460 230 3525 Culex
253 3461 290 3524 in
313 3462 405 3526 tauri
428 3483 536 3526 cornu
561 3460 698 3526 sedens:
724 3459 867 3536 Abeam,
892 3459 1016 3542 inquit,
1042 3458 1070 3521 si
1093 3477 1187 3542 prae-

122 3588 227 3650 gravo
260 3569 424 3634 ceruicem
457 3576 564 3633 tuam.
591 3567 678 3644 ,Cui
705 3574 841 3632 taurus:
878 3564 933 3629 Nil
958 3585 1050 3642 oum,
1083 3585 1188 3648 quom

123 3696 166 3738 ne
190 3675 356 3739 senserim
378 3673 521 3758 quidem
541 3673 793 3739 advenientem.

121 3779 273 3845 Fabulae
290 3781 327 3844 in
344 3779 417 3845 eod.
435 3779 474 3844 A.
500 3780 567 3845 hoo
591 3778 821 3865 epimythium
846 3779 1070 3843 subiunctum
1096 3783 1163 3842 est:

120 3888 174 3965 84,
189 3889 217 3951 7.
249 3887 382 3969 γελοῖος
405 3887 498 3969 ὅστις
522 3886 621 3953 οὐδὲν
645 3869 696 3952 ὢν
718 3888 790 3950 κατ’
817 3884 1017 3966 ἀνθρώπων
1111 3894 1114 3901 ’

255 3999 325 4059 τῶν
348 3995 553 4077 κρειττόνων
576 3993 785 4075 θρασύνεται
810 3992 858 4076 ὥς
881 4013 931 4074 τις
962 3989 1011 4055 ὢν
1040 3989 1186 4074 σφόδρα.

119 4100 339 4182 θρασύνεται,
376 4101 472 4187 quod
513 4110 623 4166 metro
665 4121 737 4164 non
773 4099 944 4171 oom'enit,
988 4105 1077 4162 reete
1116 4098 1187 4162 iam
