2924 4786
642 297 819 362 -37-.

198 474 277 539 inde
303 496 322 539 a
346 496 423 559 pag.
452 476 493 538 14
516 497 628 560 usque
652 475 697 539 ad
720 496 797 560 pag.
824 476 867 539 24
890 477 1053 549 tractatis,
1085 484 1203 541 tamen
1227 478 1263 540 in

198 581 271 646 eod.
285 580 316 646 A
329 581 560 667 epimythium
574 580 713 646 additur
724 589 793 646 tres
802 582 1034 667 eomplectens
1047 603 1165 648 versus
1181 583 1262 648 hos:

200 688 284 754 all.
312 688 375 755 ούκ
397 688 488 755 ἔστιν
511 688 653 770 ἀπόνως
677 687 749 755 oar
775 688 925 755 ἀλούντα
949 689 1144 771 κερὸαίνειν,

308 795 392 861 ὅταν
414 796 536 879 καμὼν
560 795 596 859 ἀὲ
621 801 723 861 τοῦτο
747 796 855 880 ἀὲλρς
879 795 962 878 ὅπερ
986 795 1111 879 βούλει,

308 901 348 968 τὸ
372 909 550 985 κερτομεῖν
575 924 628 968 σοι
652 904 770 985 καιρός
792 904 863 968 ἐστι
886 905 943 968 καὶ
965 903 1105 985 παίζειν.

198 1012 268 1074 Sue
293 1011 365 1074 iure
390 1031 452 1095 pro
476 1009 550 1074 eod.
576 1009 615 1074 Α.
648 1011 816 1095 scriptura
855 1015 958 1076 τοῦτο
992 1010 1100 1095 ἀέλῃς
1134 1013 1262 1076 mendo

198 1116 350 1201 quodam
375 1116 504 1181 librarii
521 1117 870 1183 exortassoissonadii
892 1117 1104 1183 lenissimam
1130 1120 1262 1184 eoniee-

200 1233 312 1289 turam
353 1222 452 1289 τοῦθ’
493 1222 573 1307 ἕλῃς
614 1224 761 1289 editores
801 1225 836 1288 in
874 1231 1008 1289 textum
1048 1235 1261 1311 receperunt.

200 1330 302 1395 Recte
327 1330 452 1395 deinde
487 1330 674 1395 haeserunt
713 1331 749 1394 in
774 1333 1030 1396 construet-ione
1068 1332 1127 1396 illa
1161 1332 1262 1398 valde

197 1444 356 1522 suspecta
373 1436 412 1502 τὸ
425 1444 602 1520 κερτομεῖν
618 1437 736 1519 καιρός
751 1439 830 1507 ἐστι,
856 1459 962 1523 quam
986 1439 1090 1502 miror
1107 1439 1203 1523 quod
1226 1441 1261 1504 in

197 1552 360 1609 contextu
376 1544 571 1609 retinebant
590 1543 875 1610 Schneidewinus
895 1554 928 1610 et
944 1545 1094 1610 Crusius.
1142 1546 1260 1612 Talem

196 1652 288 1716 enim
313 1649 477 1716 infinitivi
501 1673 603 1715 usum
629 1653 686 1717 iix
710 1652 743 1715 h.
769 1651 789 1715 i.
815 1651 952 1718 tolerari
976 1673 1076 1737 posse
1108 1664 1260 1739 apparet,

197 1778 302 1842 quare
327 1758 474 1823 editores
491 1758 673 1823 lectionem
692 1757 731 1823 τὸ
747 1758 876 1824 librarii
901 1780 1011 1824 errore
1035 1758 1163 1825 iactam
1187 1782 1260 1825 esse

196 1866 258 1930 rati
283 1864 341 1929 alii
364 1866 401 1928 in
425 1870 486 1930 τοῦ
510 1867 709 1948 genetivum
735 1872 958 1931 mutaverunt
990 1888 1009 1931 a
1037 1866 1155 1949 καιρὸς
1177 1889 1261 1933 voee

195 1971 416 2056 pendentem.
454 1972 509 2036 alii
548 1973 582 2036 in
618 1973 694 2038 τότε
730 1972 944 2057 particulam.
992 1973 1113 2058 Neque
1142 1983 1260 2040 tamen

197 2100 313 2142 versus
337 2079 384 2143 ita
420 2087 559 2144 sanat-os
583 2080 699 2144 Babrii
735 2101 808 2143 esse
845 2080 908 2142 tiri
932 2079 1025 2144 docti
1060 2080 1162 2163 longe
1186 2082 1260 2166 plu-

196 2185 272 2248 rimi
296 2185 450 2250 arbitrati
475 2198 565 2250 sunt.
617 2187 755 2269 Legitur·
790 2187 881 2249 enim
907 2187 945 2249 in
969 2209 998 2250 r.
1034 2188 1071 2250 ll
1110 2187 1260 2253 ἀλύοντα

197 2312 271 2357 vox.
297 2312 387 2376 quae
412 2294 438 2356 si
468 2281 642 2359 retinetur.
669 2300 896 2378 anapaestum
933 2290 1039 2357 eiiieit
1063 2295 1100 2358 in
1136 2308 1260 2379 quarto

196 2399 291 2484 pede.
353 2400 456 2464 Hune
494 2412 628 2471 autem,
670 2401 729 2485 qui
771 2408 951 2485 suspectus
990 2400 1173 2480 videretur,
1222 2415 1258 2466 m

196 2505 358 2573 delerent.
385 2506 443 2571 alii
460 2506 525 2571 alia
543 2509 775 2572 coniecerunt.
824 2507 892 2571 Sed
909 2508 1075 2591 quoniam
1094 2507 1258 2572 Babiium

196 2623 401 2698 anapaestos
427 2621 574 2699 tp1·aeter
597 2615 748 2698 primum
774 2614 912 2698 pedem)
941 2635 1198 2699 nonnunquam
1225 2617 1260 2679 in

197 2719 300 2785 altera
326 2741 467 2805 quoque
492 2721 544 2784 rel
571 2729 693 2805 quarta
711 2742 830 2784 versus
854 2720 935 2785 sede
959 2720 1138 2785 admisisse
1156 2742 1260 2807 supra

195 2838 284 2912 (pag.
311 2829 365 2905 75)
391 2827 716 2893 demonstravimus.
753 2829 788 2891 in
813 2848 896 2891 rere
922 2827 977 2890 illa
1003 2827 1153 2893 ἀλύοντα
1188 2851 1259 2893 non

196 2933 409 2999 haerendum
447 2958 521 2998 esse
561 2936 736 2999 existimo:
774 2956 888 3019 neque
932 2955 1011 2997 vero
1047 2956 1066 2998 a
1102 2956 1260 2999 sennem·

198 3039 368 3106 Babriano
393 3042 508 3107 ἀλύειν
531 3042 674 3106 redium
694 3042 845 3106 alienum
860 3053 919 3105 est.
967 3041 1054 3106 Nam
1076 3040 1135 3105 viri
1157 3041 1259 3107 doeti.

194 3149 253 3231 qui
278 3147 321 3211 de
341 3148 453 3213 Babrii
479 3169 635 3213 sermone
661 3147 771 3211 insius
796 3149 1041 3213 disseruenint.
1073 3161 1108 3212 ut
1135 3149 1260 3213 Zacha-

196 3254 307 3319 riaeus
347 3263 378 3320 et
424 3255 667 3318 'Enii-nardius.
708 3254 878 3319 voeabula
917 3254 1029 3319 multa
1069 3256 1101 3317 in
1144 3255 1258 3320 Babrii

193 3358 321 3425 fabulis
341 3362 406 3445 legi
425 3374 514 3425 reete
534 3373 756 3427 monuerunt.
783 3362 911 3446 quiims
924 3361 1105 3446 scriptores
1118 3361 1260 3425 seriores

193 3476 329 3533 tantum
357 3471 408 3533 nsi
434 3480 525 3533 sunt.
551 3469 660 3533 multa
686 3468 840 3534 obsoleta
870 3490 1035 3552 moreque
1060 3467 1259 3532 Alexandri-

195 3595 318 3639 norum
344 3576 460 3640 denuo
490 3577 524 3638 in
562 3597 662 3640 usum
689 3578 857 3640 sermonis
892 3575 1031 3640 adseita.
1083 3575 1258 3639 imitatum

194 3702 273 3746 rere
298 3706 371 3745 esse.
399 3682 560 3746 Babrium
588 3683 676 3747 inter
700 3680 1055 3747 seriorisG1·aeeitatis
1079 3682 1260 3765 seripturis

193 3810 273 3853 eum
298 3789 383 3854 aiios
407 3798 483 3852 tum
516 3788 699 3854 Aelianum
725 3788 1044 3873 Philostratumque
1076 3801 1107 3852 et
1134 3787 1258 3851 Zaeiia·

194 3896 305 3960 iraens
318 3911 349 3960 et
367 3895 598 3960 illierliardius
616 3895 734 3960 multis
747 3896 858 3961 allatis
871 3894 1037 3979 exemplis
1055 3893 1257 3959 deruerunt.

195 4001 372 4067 invenitur
396 4011 511 4067 autem
538 4002 631 4087 apud
657 4001 840 4067 Aelianum
866 4009 897 4067 et
916 4001 1162 4066 Philostratnm
1190 4024 1258 4066 rer-

194 4108 276 4173 }mm
323 4109 408 4174 illud
445 4108 559 4173 ἀλύειν
602 4107 854 4191 signifieatione
898 4106 1052 4172 adhibita
1091 4108 1257 4183 vessandi,
