2924 4786
636 273 813 337 ..5ss-

192 452 261 518 lab.
287 454 340 517 40.

194 558 354 625 Camelus
377 559 539 645 rapidum
567 557 715 623 fluvium
745 558 906 623 traiciens
937 580 1017 622 cum
1046 558 1179 624 videret
1206 581 1264 625 cx-

194 674 379 745 crementa,
405 688 495 751 quae
511 664 647 744 lecerat,
664 671 880 750 praevertere
896 665 1025 750 ipsam:
1053 665 1136 731 ‘Vae
1153 665 1265 745 mihi’,

194 772 408 851 ‹ixclamavit
435 773 633 858 ‘posteriora
656 793 733 836 mea
757 794 812 836 me
836 771 1072 857 praecedunt’.

194 879 285 943 Tum
320 880 356 943 in
393 879 466 943 cod.
503 879 542 943 A.
579 878 615 943 hi
639 900 758 943 versus
789 884 956 943 secuntur
979 879 1164 965 epimythii
1186 879 1265 944 loco

195 987 313 1071 positi:

194 1092 248 1171 40,
262 1093 291 1156 ι’).
329 1093 429 1174 πόλις
452 1091 494 1157 ἄν
518 1112 568 1173 τις
591 1093 681 1156 εἴποι
704 1091 764 1156 τὸν
787 1091 889 1173 λόγον
913 1091 973 1156 τὸν
996 1091 1175 1173 Αἰσώπου,

329 1199 372 1283 ἦς
395 1198 530 1281 ἔσχατοι
552 1203 734 1280 κρατοῦσιν
758 1197 833 1263 ἀντὶ
857 1203 928 1263 τῶν
951 1199 1114 1278 πρώτων.

197 1304 293 1387 Quos
316 1327 436 1371 versus
471 1312 550 1370 ante
574 1304 828 1371 Eberhardium
859 1326 963 1370 nemo
987 1325 1061 1369 non
1092 1306 1263 1391 probavit.

197 1412 430 1477 Eberhardius
454 1433 534 1478 vero
570 1434 640 1498 qua
676 1433 780 1477 causa
803 1411 1046 1497 repudiaverit,
1088 1434 1263 1499 nusquam

198 1521 366 1604 exposuit.
426 1519 494 1583 Sed
529 1520 697 1604 quoniam
719 1526 829 1584 metro
854 1517 1028 1583 Babnano
1052 1519 1267 1605 respondent

198 1631 303 1710 atque
335 1627 544 1691 sententiam
573 1625 741 1711 praebent
768 1626 948 1710 aptissimo
972 1625 1079 1690 modo
1104 1649 1122 1692 e
1145 1625 1265 1692 tabula

198 1732 353 1817 petitam,
385 1732 600 1817 displicuisse
629 1733 660 1797 ei
683 1752 756 1796 non
778 1731 942 1797 videntur
965 1733 1032 1796 nisi
1057 1733 1153 1818 quod
1177 1733 1265 1799 dice-

198 1846 292 1903 retur
322 1838 421 1920 πόλις
451 1838 493 1904 ἄν
523 1860 573 1921 τις
603 1841 693 1905 εἴποι
723 1839 782 1904 τὸν
811 1839 914 1921 λόγον
944 1860 1006 1924 pro
1030 1841 1108 1921 περὶ
1131 1840 1269 1922 πόλεως

200 1944 242 2010 ἄν
284 1966 333 2026 τις
363 1946 453 2011 εἴποι
482 1947 537 2013 vel
567 1946 654 2029 πρὸς
684 1947 784 2012 πόλιν
816 1948 1035 2028 καταχρέοιτο
1064 1946 1118 2029 (cl.
1144 1948 1199 2031 34)
1225 1946 1269 2012 ἄν

201 2074 251 2133 τις
274 2056 323 2134 τῷ
338 2051 444 2136 pedor
461 2053 516 2120 vel
532 2053 665 2119 similia.
713 2052 963 2117 Boissonadius
983 2053 1054 2117 iam
1072 2053 1268 2120 elocutione

200 2159 259 2223 illa
290 2157 446 2224 offensus
477 2160 520 2225 de
551 2181 614 2225 suo
645 2161 793 2225 mutavit
823 2160 924 2225 πόλιν
954 2158 996 2224 ἄν
1020 2182 1071 2242 τις
1094 2161 1185 2226 εἴποι
1208 2161 1268 2226 τὸν

202 2265 313 2346 λόγον.
372 2265 442 2330 Suo
479 2275 596 2333 autem
630 2268 704 2332 iure
740 2267 887 2331 editores
923 2266 968 2331 ad
1003 2289 1115 2331 unum
1146 2288 1270 2333 omnes

202 2371 421 2436 Boissonadii
452 2375 685 2439 coniecturam
716 2372 997 2458 repudiaverunt.
1045 2373 1270 2440 Elocutiones

203 2479 296 2543 enim
319 2478 395 2544 illas
421 2481 527 2545 ‘ccccl
549 2479 656 2562 λέγεις
679 2480 719 2545 σὺ
744 2479 804 2544 τὸν
829 2481 1026 2564 στρατηγόν,
1051 2481 1140 2546 κακὰ
1162 2481 1270 2562 λεγειν

203 2589 287 2651 τινα
305 2587 443 2668 similes,
461 2609 548 2673 quas
564 2587 757 2672 respiceret,
775 2586 944 2652 diversam
957 2588 1129 2652 rationem
1141 2587 1270 2653 habere

202 2693 272 2757 iam
303 2694 510 2759 Duebnerus
539 2700 629 2759 recte
654 2695 800 2770 monuit,
833 2694 894 2778 qui
922 2694 960 2757 in
987 2716 1089 2758 versu
1120 2695 1139 2759 ό
1171 2694 1272 2776 πόλις

204 2798 246 2863 de
282 2821 332 2881 τις
366 2802 457 2867 εἴποι
486 2802 616 2887 optime
647 2801 714 2865 dici
746 2801 918 2877 censebat,
944 2822 1025 2864 cum
1048 2821 1102 2864 res
1130 2800 1272 2886 publica

205 2928 305 2971 suam
339 2905 451 2972 lacere
486 2916 604 2994 posset
638 2908 831 2973 orationem
866 2906 989 2999 cameli
1019 2904 1074 2990 (cl.
1100 2928 1177 2993 pag.
1203 2908 1268 2991 41).

206 3013 368 3078 Similiter
403 3016 506 3080 ceten'
539 3013 610 3079 lere
641 3035 762 3079 omnes
785 3014 850 3079 viri
874 3013 967 3079 docti
991 3013 1065 3078 cod.
1090 3013 1130 3079 A.
1156 3013 1270 3079 lectio-

205 3142 287 3185 nem
311 3128 401 3185 recte
426 3144 462 3186 se
485 3121 613 3186 habere
637 3122 791 3187 arbitrati
816 3132 907 3189 sunt.
962 3119 1136 3207 Equidem
1160 3121 1272 3187 multo

204 3227 423 3293 verisimilius
458 3251 531 3293 esse
556 3229 758 3294 crediderim
781 3230 848 3294 hoc
872 3229 1104 3315 epimythium
1128 3227 1171 3293 ab
1195 3230 1272 3314 ipso

205 3335 331 3401 Bebrio
349 3337 581 3422 compositum
598 3358 670 3401 esse
687 3335 826 3401 licentia
843 3336 996 3422 quadam
1013 3356 1076 3399 uso
1090 3343 1272 3420 poetarum

205 3445 344 3528 propria
375 3465 482 3528 quam
510 3465 530 3508 a
554 3443 771 3508 diasceuasta
795 3443 950 3527 quodam
974 3441 1105 3507 nullius
1128 3441 1198 3507 lere
1222 3444 1272 3507 in-

207 3551 309 3631 genii,
342 3571 447 3633 quem
477 3557 563 3635 puto
588 3551 866 3635 conscripturum
890 3549 996 3615 luisse
1021 3568 1082 3634 pro
1107 3550 1208 3632 πόλις
1231 3549 1276 3615 ἄν

209 3678 257 3738 τις
281 3657 371 3721 εἴποι
395 3656 504 3721 simile
529 3656 708 3742 quoddam
732 3679 771 3722 ac
796 3657 1054 3743 paraphrastes:
1088 3656 1227 3739 ἁρμόζει
1255 3656 1274 3721 ό

207 3763 322 3846 μῦιῖος
348 3763 413 3850 (ἐν)
438 3763 544 3843 πόλει,
569 3764 611 3848 ἦς
627 3764 762 3848 ἔσχατοι
779 3817 785 3831 .
805 3816 811 3830 .
831 3817 836 3828 .
857 3763 921 3848 ,¹⁰0)
957 3764 1079 3848 ltaque
1096 3784 1169 3828 non
1186 3784 1277 3849 opus

208 3870 345 3935 videtur
369 3891 442 3935 esse
467 3871 672 3936 coniecturis
695 3879 749 3937 ut:

317 4100 362 4168 1⁰⁰)
383 4102 419 4155 cf.
438 4103 572 4169 paraphr.
592 4103 677 4157 Bodl.
697 4119 764 4170 pag.
785 4101 828 4155 ll.
