2924 4786
640 277 818 340 --54-

192 455 274 522 οὔτε
298 453 340 520 ἄν
364 477 437 520 esse
461 476 525 519 nec
548 461 667 519 tamen
692 461 894 538 sequeretur
917 452 1012 519 aliud
1038 452 1126 533 οὔτε,
1151 460 1266 518 muta·

194 571 270 627 tum
288 569 339 628 est
352 563 409 641 sic,
424 569 463 626 ut
479 583 601 626 sensus
617 559 791 646 postulare
803 560 994 645 putabatur
1006 562 1095 646 (pag.
1110 559 1173 624 381
1188 572 1264 645 sq).

107 743 110 748 ,
192 669 316 735 Cetera
340 668 475 745 deinde,
513 689 603 753 quae
637 674 768 732 restant
804 667 962 752 exempla
995 666 1185 752 productae
1222 665 1267 731 ἄν

195 775 393 861 particulae,
419 774 477 839 alii
501 774 598 840 aliter
622 795 742 839 sanare
767 775 883 839 conati
899 781 980 839 sunt
1011 774 1039 856 (Ι
1059 772 1101 839 ἂν
1120 774 1263 857 Herm),

193 882 374 948 θελόντων
398 881 440 946 ἄν
465 881 493 946 δ’
519 881 744 964 ἀληθεύσαιμ’
770 880 979 964 (Wellauer.)
1003 880 1044 945 H.
1068 880 1194 946 οὔκουν
1209 879 1265 945 rel

195 989 259 1054 οὐκ
294 988 554 1071 narratiuncula
591 986 634 1052 ἄν
669 987 813 1071 (Herm.)
849 987 905 1052 Vl.
931 989 1003 1070 τάχ’
1029 985 1071 1052 ἄν
1101 1008 1132 1052 τι
1166 987 1266 1053 πέλοι

196 1096 340 1179 (Herm.)
375 1096 433 1160 HL
459 1095 480 1180 ἦ
505 1094 534 1160 d’
560 1094 602 1159 ἄν
627 1097 699 1179 [pro
723 1094 745 1178 ἦ
770 1093 811 1178 ὀὴ
836 1092 889 1178 ἄν]
914 1095 1056 1178 Herm).
1086 1093 1221 1176 Quibus
1247 1116 1266 1159 e

196 1202 402 1269 coniecturis
426 1203 496 1268 sire
520 1203 611 1267 hanc
636 1202 705 1267 sive
729 1201 825 1266 illam
853 1202 1025 1281 malueris,
1061 1201 1264 1266 Hermanno

195 1309 430 1374 concedamus
468 1330 608 1374 necesse
648 1309 711 1373 erit
750 1315 868 1373 contra
908 1315 1054 1374 centena
1089 1316 1264 1393 correptae

195 1416 385 1503 particulae
410 1415 568 1502 exempla
591 1436 713 1501 pauca,
739 1436 829 1500 quae
854 1414 1038 1480 contulerit
1050 1412 1264 1493 DindorliuS,

195 1522 284 1587 nihil
307 1522 429 1588 valere.
477 1524 521 1588 Et
544 1523 617 1608 ipse
640 1520 845 1586 Dindorfius
868 1528 989 1607 postea
1012 1522 1159 1588 mutavit
1190 1542 1265 1586 sen-

195 1630 353 1708 tentiam,
377 1629 414 1694 id
438 1628 534 1715 quod
556 1628 691 1695 ridebis
715 1651 756 1693 ex
781 1628 932 1694 editione
957 1629 1040 1693 anni
1072 1627 1167 1708 1869,
1204 1627 1267 1693 ubi

196 1737 316 1801 omnia
355 1736 430 1820 (XI)
466 1735 633 1821 exempla,
674 1757 764 1821 quae
800 1756 893 1800 anno
930 1736 1015 1800 1830
1052 1758 1094 1801 ex
1128 1735 1266 1819 tragicis

197 1849 393 1928 sumpserat
416 1842 462 1922 ad
489 1865 589 1908 suam
606 1844 814 1908 sententiam
839 1841 1125 1920 confirmandam,
1150 1863 1265 1907 emen-

199 1948 306 2015 dabat
330 1955 391 2014 aut
406 1950 652 2015 Hermannum
677 1956 737 2015 aut
761 1950 847 2015 alios
870 1950 961 2015 viros
979 1949 1099 2014 doctos
1116 1955 1264 2015 secutus.

198 2057 296 2139 Quae
321 2078 401 2122 cum
424 2057 472 2122 ita
497 2059 575 2137 sint,
611 2078 684 2122 non
715 2064 776 2136 est,
813 2078 873 2121 cur
906 2056 1064 2121 Nauckio
1090 2057 1264 2132 assentiar,

198 2165 261 2248 qui
284 2163 411 2229 Babrio
434 2163 611 2230 licentiam
634 2165 814 2230 metricam
830 2163 1030 2230 vindicabat
1047 2185 1133 2243 eam,
1159 2185 1266 2248 quam

198 2277 381 2355 poetarum
415 2272 582 2336 seriorum
616 2292 660 2336 ne
696 2270 935 2335 abstrusorum
971 2270 1114 2356 quidem
1149 2291 1266 2335 aman-

197 2377 339 2442 tissimis
364 2378 527 2442 usitatam
558 2399 631 2442 esse
656 2375 876 2442 Godolredus
899 2377 1124 2442 Hermannus
1149 2376 1266 2442 docuit

198 2486 290 2569 (pag.
316 2483 403 2568 388).
425 2563 431 2571 .
451 2484 573 2569 Neque
597 2504 678 2549 vero
702 2482 778 2549 lieri
807 2491 931 2570 potest,
968 2490 1007 2549 ut
1030 2484 1127 2548 Fixio
1164 2483 1265 2549 adsti-

199 2591 308 2676 puler,
345 2592 407 2677 qui
441 2600 480 2657 ut
510 2590 717 2677 productam
752 2590 794 2656 ἄν
829 2591 1036 2677 particulam
1070 2592 1118 2657 ita
1153 2598 1266 2656 totum

198 2699 432 2783 epimythium
455 2697 710 2784 interpolatoris
735 2721 808 2764 esse
832 2698 951 2775 voluit,
988 2697 1050 2763 scd
1072 2698 1159 2762 mihi
1195 2720 1266 2783 per-

199 2826 344 2869 suasum
368 2812 429 2884 est,
461 2812 501 2871 ut
534 2807 572 2869 in
595 2804 761 2891 exemplis
798 2827 902 2890 supra
938 2804 1049 2870 allatis
1085 2804 1266 2890 productio

199 2932 291 2994 quae
314 2912 472 2978 rideatur
497 2911 539 2977 ἂν
562 2912 750 2998 particulae
774 2911 972 2997 potentialis
1002 2911 1159 2991 librariis
1195 2933 1266 2976 non

198 3019 311 3104 poetis
334 3018 519 3084 tribuenda
544 3025 603 3098 est,
639 3021 687 3084 ita
710 3019 777 3084 hoo
813 3040 953 3103 quoque
987 3018 1063 3084 loco
1099 3018 1267 3083 mendum

199 3123 330 3190 librarii
359 3126 515 3190 inveniri.
564 3125 727 3191 Conicere
764 3127 857 3191 enim
891 3125 971 3191 licet
1005 3125 1172 3191 Babrium
1208 3133 1267 3190 aut

199 3232 289 3315 πρὸς
312 3232 513 3316 ἀνθρώπων
538 3232 662 3299 dixisse
685 3235 723 3298 in
746 3257 776 3300 v.
803 3233 822 3297 9
848 3235 921 3319 (pro
946 3232 1020 3298 cod.
1046 3231 1076 3296 A
1100 3232 1268 3317 scriptura

199 3340 258 3404 ὑπ’
285 3339 408 3424 avda),
444 3340 481 3405 id
523 3341 619 3426 quod
653 3340 901 3405 Boissonadius
940 3340 1060 3418 voluit,
1104 3344 1164 3403 aut
1206 3359 1267 3424 pro

199 3445 331 3528 πάθοις
355 3446 428 3511 cod.
454 3446 485 3511 A
509 3449 677 3532 scriptura
701 3445 872 3530 acopgffi),
908 3447 956 3511 ita
981 3452 1019 3510 ut
1044 3444 1086 3509 ἄν
1114 3452 1203 3510 esset
1226 3445 1269 3529 ἦν

204 3551 308 3637 (ἐάν),
334 3575 449 3637 neque
475 3554 670 3638 quidquam
694 3551 897 3618 offensionis
932 3553 1076 3618 haberet
1099 3552 1269 3637 producta

200 3656 275 3740 (193)
314 3659 377 3744 (ὡς
401 3659 501 3725 οὐδὲν
526 3660 618 3726 οὕτω
655 3660 765 3726 δεινόν
788 3664 853 3744 [sc.
879 3661 951 3725 ἐστί
973 3659 1028 3725 rel
1065 3658 1188 3742 ioracJ,
1227 3657 1268 3723 ἂν

308 3836 343 3907 97)
362 3840 531 3892 coniectura
551 3845 596 3892 est
615 3841 774 3893 Duabneri.

308 3925 342 3992 ⁹⁸)
363 3928 501 3993 equidem
529 3935 597 3995 post
626 3929 662 3982 ἄν
684 3930 712 3983 h.
741 3930 760 3982 l.
779 3930 810 3994 γέ
829 3928 1004 3993 particulam
1033 3927 1174 3978 omissam
1203 3941 1268 3978 esse

202 4015 286 4075 nolui
305 4017 454 4081 conicere3
475 4020 675 4071 abutebantur
694 4019 775 4070 enirn
794 4017 889 4068 critici
915 4032 1002 4081 saepe
1030 4016 1086 4067 hac
1115 4015 1268 4081 particula,

198 4120 291 4169 quam
310 4112 388 4159 recte
408 4107 583 4160 Dindorlius
602 4124 654 4173 per
674 4108 800 4159 ironiam
820 4105 939 4157 dicebat
958 4106 1191 4171 παμφάρμακον.
