2970 4806
686 351 729 357 --
755 311 817 376 118
842 350 885 359 —-

251 488 319 555 lab.
346 490 397 554 50.

255 595 392 682 Vulpes,
430 617 537 682 quam
574 604 716 661 venator
751 596 1033 681 persequebatur,
1067 596 1209 680 fatigata
1241 619 1318 663 con-

253 701 341 786 lugit
365 703 409 768 ad
432 703 637 787 lignatorem
662 687 705 781 et,
731 709 770 768 ut
793 704 830 767 in
854 724 1032 768 caesarum
1057 725 1091 768 se
1108 704 1316 789 populorum

253 811 411 894 congerie
439 809 675 889 absconderet,
701 810 809 895 petiit.
857 810 987 876 luratit
1009 810 1159 894 lignator
1183 833 1217 876 se
1243 833 1316 876 eam

253 937 325 981 non
348 916 569 1002 proditurum
593 939 675 982 esse.
723 917 775 981 Do
798 917 902 1003 vulpe
926 918 1157 1000 interrogatus
1182 940 1319 984 avena-

253 1030 326 1087 tore
361 1021 510 1106 lignator
544 1023 658 1088 verbis
697 1023 883 1110 respondet
919 1046 954 1088 se
991 1044 1063 1089 non
1097 1023 1233 1103 vidisse,
1259 1025 1319 1090 sed

255 1128 362 1212 digito
402 1129 519 1195 locum
559 1131 772 1196 monstravit.
840 1129 915 1212 Qua
956 1130 1208 1215 significatione
1247 1152 1317 1195 non

253 1234 428 1301 intellecta
450 1244 595 1302 venator
617 1238 800 1322 praeteriit.
841 1237 948 1324 Vulpi
970 1238 1111 1303 latebris
1132 1237 1317 1321 egredienti

255 1343 418 1426 lignator:
445 1342 582 1421 debes,
607 1344 731 1429 inquit,
755 1345 851 1409 ‘mihi
866 1346 957 1410 u'tae
974 1351 1128 1410 sanatae
1144 1345 1318 1430 praemia.

256 1447 416 1530 Quidni,
446 1450 568 1535 vulpes
603 1451 798 1535 respondet,
831 1452 902 1535 ‘qui
923 1471 1006 1514 voce
1037 1472 1092 1514 mc
1124 1451 1319 1515 servareris.

255 1555 419 1621 occideris
446 1556 584 1640 digito‘?’

256 1661 490 1728 Subiunotum
514 1670 565 1728 est
588 1661 728 1729 fabulae
751 1665 789 1727 in
814 1661 887 1727 cod.
913 1661 951 1726 A.
978 1662 1044 1727 hoc
1072 1663 1319 1749 epimpthium:

256 1785 309 1864 50,
323 1787 374 1850 20.
414 1787 524 1871 σοφὸν
548 1787 587 1852 τὸ
610 1788 710 1854 θεῖον
733 1787 969 1871 κάπλάνητον·
997 1786 1068 1852 οὐδ’
1094 1785 1137 1852 ἄν
1161 1808 1211 1869 τις

433 1893 557 1959 λαθεῖν
588 1895 758 1975 ἐπιορκῶν
789 1893 975 1976 προσδοκᾷ,
1013 1893 1115 1977 Δίκην
1140 1893 1321 1977 cayster>

256 2017 318 2101 qui
333 2040 452 2083 versus
468 2040 540 2083 non
558 2041 628 2085 uno
641 2021 783 2084 nomine
799 2020 880 2084 viris
895 2019 1007 2109 doctis
1019 2019 1321 2083 vehementissime

257 2122 494 2209 displicebant.
542 2125 656 2211 Atque
673 2127 826 2212 primum
850 2124 993 2209 quidem
1014 2132 1226 2190 monuerunt
1242 2146 1321 2190 ana-

255 2236 375 2315 paesto
400 2231 570 2315 ἐιιιορκῶν
593 2234 630 2298 in
654 2232 760 2298 altera
779 2253 898 2296 versus
923 2231 1003 2296 sede
1026 2232 1139 2316 posito
1164 2230 1320 2296 fraudem

257 2336 356 2421 prodi
379 2338 642 2422 interpolatoris.
692 2338 794 2419 Quod
828 2347 946 2403 tamen
975 2344 1220 2422 argumentum
1251 2358 1322 2402 non

257 2443 343 2507 adeo
378 2447 609 2528 premendum
645 2467 717 2509 esse
753 2467 795 2509 ex
828 2446 870 2509 iis
905 2451 1057 2531 apparet,
1094 2466 1184 2530 quae
1219 2466 1322 2530 supra

257 2570 334 2633 pag.
366 2551 407 2614 76
444 2551 597 2637 exposui.
656 2551 734 2616 Non
769 2552 873 2635 igitur
912 2552 1122 2617 necessariae
1162 2551 1324 2616 ridentur

258 2657 475 2723 coniecturae
499 2657 677 2724 Duebneri

257 2761 362 2828 λάθοι
392 2763 553 2847 ἰιιορκῶν
577 2766 782 2847 προσδοκῶν
806 2765 908 2849 Δίκην
933 2767 1067 2848 φεύγειν

258 2867 312 2933 rel
840 2870 930 2954 μηθ’,
956 2869 998 2934 ἄν
1021 2891 1071 2950 τις
1237 2869 1279 2944 20

258 2975 351 3060 λάθη
389 2977 559 3060 ’aleonum
596 2976 773 3059 προσδοκᾷ
797 2976 899 3060 Δίκην
924 2978 1067 3060 φεύγειν.

259 3088 319 3147 aut
342 3083 492 3149 Lcwisii:

259 3188 374 3274 λάθρη
410 3190 571 3272 ’πιορκῶν
599 3191 775 3275 ιιροσὸοκᾷ
799 3191 901 3275 Δίκην
926 3192 1069 3275 φεύγειν,

260 3302 412 3361 ceterum
436 3297 533 3363 haud
556 3299 604 3364 ita
620 3299 816 3383 probabiles
841 3320 914 3362 esse
938 3297 1013 3362 illas
1031 3297 1245 3369 coniecturas
1270 3295 1326 3358 vix

260 3421 348 3486 opus
384 3410 434 3468 est
469 3426 619 3469 monere.
679 3403 793 3469 Altera
829 3423 909 3467 vero
949 3424 1053 3467 causa
1092 3409 1211 3480 exstat,
1257 3422 1325 3485 qua

261 3511 425 3575 commoti
460 3513 523 3576 viri
558 3510 651 3575 docti
685 3510 751 3574 hoc
787 3508 1018 3595 epimythium
1054 3530 1073 3571 a
1106 3506 1232 3571 Babu'o
1268 3506 1325 3570 ab·

367 3687 412 3754 198)
433 3690 603 3741 coniectura
622 3689 696 3740 haec
709 3687 848 3740 Ahrensii
869 3687 941 3739 satis
961 3685 1125 3752 probabilis
1145 3701 1197 3750 pro
1212 3686 1328 3750 φεύγειν

262 3776 455 3829 confirmatur
475 3778 656 3831 correctione
676 3794 782 3829 manus
802 3776 975 3829 recentioris
998 3776 1031 3828 in
1051 3774 1115 3827 cod.
1135 3775 1177 3839 A„
1207 3773 1238 3824 in
1268 3788 1326 3837 quo

264 3883 277 3918 ν
296 3872 478 3931 expunctum
497 3867 622 3920 videtur.
661 3868 755 3918 Multo
768 3866 867 3917 minus
882 3865 1069 3917 coniecturae
1080 3863 1154 3914 mihi
1164 3863 1328 3927 probantur

261 3954 451 4007 Boissonadii
471 3955 516 4023 ί-
537 3957 644 4008 erravit
663 3961 772 4020 autem,
802 3970 870 4005 cum
889 3968 953 4004 esse
972 3954 1111 4004 lacunam
1140 3949 1268 4002 coniecit
1295 3949 1326 4000 in

262 4043 361 4096 medio
380 4060 467 4097 versu
486 4044 520 4096 21
545 4046 715 4111 perisseque
743 4045 838 4096 finem
866 4060 934 4094 cum
962 4041 1083 4093 alterius
1113 4039 1207 4091 initio.
1245 4038 1325 4089 Nihil

262 4131 459 4185 desideratur!
480 4138 534 4189 --t
556 4134 686 4200 Sauppii,
707 4132 833 4185 Lewisii.
