2924 4786
637 242 814 306 -48-

299 423 352 487 Ex
381 422 507 487 reiecto
539 443 559 486 a
583 416 762 485 nonnullis
786 410 977 484 editoribus
1000 418 1067 483 hoo
1090 419 1168 504 ipso
1193 419 1265 504 epi-

194 529 328 616 mythio
364 528 620 612 elegantissimo
655 527 738 592 satis
768 525 918 592 dilucide
949 532 1102 612 apparet,
1128 533 1265 611 quanta

194 636 371 702 interdum
401 635 546 701 libidine
569 635 633 700 viri
657 633 750 699 docti
774 632 903 699 luerint
926 634 964 697 in
988 631 1189 718 epimythiis
1214 632 1265 696 di-

193 742 390 809 iudicandis
414 763 591 827 quamque
615 740 788 805 lubricum
813 740 916 804 sitin
941 746 1012 805 arte
1036 739 1152 804 critica
1167 736 1266 804 lacti-

194 850 302 916 tanda
319 849 581 935 praeoccupatis
597 848 722 913 serviro
740 846 1010 932 opinationibus.
1058 845 1153 911 Nihil
1169 847 1265 912 enim

194 959 231 1022 in
273 956 327 1022 his
361 954 518 1022 versibus
557 954 722 1033 invenies,
759 975 830 1038 quo
864 960 927 1019 tuo
962 954 1036 1018 iuro
1060 950 1263 1018 offendaris.

197 1061 444 1128 Lachmannus
475 1083 536 1126 cm
566 1062 772 1147 scripturam
796 1061 870 1126 cod.
896 1059 935 1126 A.
962 1061 1130 1146 optimam
1154 1060 1202 1142 εἰς
1225 1059 1266 1125 τὸ

197 1169 258 1254 ζῆν
289 1168 480 1251 ἀκινδύνως
502 1169 631 1234 mutari
654 1168 801 1234 voluerit
823 1169 862 1233 in
886 1171 934 1251 εἰς
957 1167 1138 1233 ἀκίνδυνον
1162 1167 1265 1250 ζωήν,
1371 1230 1373 1237 ,

197 1298 305 1362 quam
336 1277 571 1342 coniecturam
601 1275 746 1340 omuino
777 1296 851 1340 non
880 1275 1110 1340 neeessariam
1133 1274 1171 1337 in
1194 1280 1266 1339 tex-

197 1392 273 1449 tum
297 1385 447 1469 recipcre
471 1404 532 1469 per
554 1382 667 1465 legem
690 1382 786 1447 illam
810 1403 883 1447 non
903 1382 992 1461 licet,
1010 1402 1100 1465 quae
1117 1380 1268 1465 pertinet

198 1489 244 1556 ad
267 1511 386 1555 versus
421 1488 657 1575 paenultimae
693 1496 886 1568 accentum,
922 1487 1087 1573 equidem
1120 1506 1192 1551 non
1216 1487 1267 1551 in-

197 1596 332 1681 tellego.
387 1594 444 1661 An
471 1617 553 1661 vero
583 1596 620 1659 in
648 1595 759 1660 vocali
790 1595 944 1661 olittera
969 1601 1049 1661 ante
1074 1593 1167 1679 ζ(νὸ
1192 1592 1267 1679 ζῆν)

199 1710 356 1789 correpta
390 1703 541 1768 haesisse
571 1701 752 1788 putandus
779 1703 855 1768 est‘?
879 1701 993 1783 Quam
1017 1701 1269 1787 correptionem

200 1809 296 1895 apud
320 1809 488 1875 Babrium
510 1809 779 1895 —praesertim
804 1816 843 1874 ut
865 1809 898 1873 h.
924 1809 945 1873 l.
962 1810 1000 1873 in
1015 1809 1106 1874 thesi
1121 1847 1165 1856 —
1181 1806 1270 1873 nihil

200 1915 406 1983 ollensionis
440 1916 568 1982 habero
602 1917 673 1982 iam
708 1937 812 2002 supra
848 1916 1022 2001 copiosius
1058 1915 1269 1981 demonstra-

202 2025 316 2089 vimus
340 2027 507 2108 (ceterum
531 2022 688 2089 conferas
712 2043 843 2108 quaeso
868 2020 936 2088 lab.
965 2023 1015 2086 14.
1041 2044 1072 2087 v.
1097 2023 1119 2086 4
1147 2025 1208 2086 τοῦ
1234 2020 1270 2085 δὲ

201 2130 340 2213 ζῶντος,
366 2131 428 2196 ubi
451 2153 467 2196 ε
491 2137 571 2196 ante
597 2129 617 2212 ζ
629 2130 832 2216 corripiatur
848 2145 987 2195 neeesse
1004 2136 1056 2194 est
1072 2150 1152 2194 cum
1168 2149 1270 2214 spon·

201 2237 309 2301 deum
338 2239 376 2301 in
409 2237 497 2323 pede
522 2243 646 2321 quarto
670 2258 856 2321 nunquam
879 2235 1076 2302 admitteret
1099 2234 1268 2319 Babrius).

203 2343 378 2428 Equidem
401 2344 507 2427 igitur
530 2342 762 2429 epimythium
786 2341 854 2409 lab.
881 2342 933 2423 31,
951 2341 1048 2427 quod
1065 2341 1272 2425 elegantiam

203 2471 283 2516 vere
307 2449 519 2516 Babrianam
544 2450 662 2536 spirat,
686 2449 909 2514 retinendum
934 2447 1111 2533 censeo.⁹⁰)

204 2556 272 2624 lab.
298 2558 350 2624 35.

205 2665 332 2745 ‘Simia
358 2687 449 2750 quae
474 2664 606 2730 catulos
642 2662 731 2728 duos
766 2669 954 2750 pepererat,
991 2662 1137 2728 alterum
1165 2660 1274 2724 nimio

204 2792 321 2837 amore
346 2772 527 2859 complexa
551 2768 709 2849 suffocat,
747 2769 894 2835 alterum
929 2769 1121 2835 contemnit
1155 2773 1190 2832 et
1217 2766 1274 2833 ab·

204 2880 275 2961 igit.
324 2879 403 2945 Vita
427 2878 553 2944 fruitur
577 2879 819 2962 contemptus‘

206 2985 459 3070 Epimythium
485 2984 581 3071 quod
604 2984 730 3068 legitur
751 2982 790 3046 in
814 2982 888 3047 cod.
913 2981 971 3047 A.:

207 3092 260 3171 35,
278 3091 328 3155 12.
366 3097 502 3157 τοιοῦτο
526 3091 668 3158 πολλῶν
692 3090 782 3156 ἐστιν
805 3089 896 3173 ἦθος
919 3089 1131 3172 ἀνθρώπων,

366 3199 420 3280 οἷς
443 3198 568 3282 ἐχθρὸς
592 3198 644 3264 ἀεὶ
666 3197 799 3280 μᾶλλον
822 3197 844 3281 ἢ
870 3197 970 3282 φίλος
992 3200 1115 3280 γλγνον.

207 3306 325 3373 Babrii
349 3327 423 3372 esse
448 3314 481 3372 et
505 3311 655 3371 metrum
680 3311 713 3370 et
737 3326 860 3370 sensus
877 3304 1037 3371 clamant.
1087 3301 1157 3367 Suo
1173 3301 1279 3386 igitur

209 3416 281 3479 iure
306 3432 428 3478 omnes
452 3420 588 3499 praeter
610 3411 865 3477 Eberhardium
888 3419 922 3477 ot
947 3410 1107 3476 Crucium
1132 3408 1279 3475 editores

209 3520 336 3586 Bebrio
371 3520 644 3585 tindioarerunt.
696 3519 812 3605 Atque
836 3517 1090 3584 Eberhardium
1126 3515 1278 3602 quidem,

210 3649 318 3713 quare
353 3626 420 3712 ipsi
454 3626 521 3691 hoc
557 3626 789 3713 epimythium
821 3626 1025 3712 displiceret,
1050 3623 1138 3688 nihil
1161 3621 1281 3688 inveni

210 3734 442 3820 explicantem
465 3755 529 3799 nec
546 3734 583 3798 in
600 3733 963 3824 commentationibus,
982 3753 1069 3823 quas
1086 3730 1220 3816 scripsit
1238 3728 1280 3793 do

210 3894 295 3947 davit
313 3893 456 3961 νύτέλεια.
493 3896 537 3947 De
567 3896 642 3948 crasi
671 3894 752 3948 haud
780 3910 845 3947 raro
869 3910 886 3945 a
904 3891 1014 3944 Bebrio
1042 3894 1185 3957 usurpata
1212 3889 1281 3942 ride

212 3984 294 4036 (¹rus.
314 3984 424 4051 proleg.
444 3999 509 4051 pag.
529 3986 601 4051 LVI,
621 3986 682 4038 Fir..
702 4000 767 4050 pag.
787 3981 848 4036 847.

319 4070 354 4142 90)
373 4072 511 4126 similiter
529 4075 684 4141 Machlyus
704 4075 722 4126 l.
741 4074 760 4125 l.
779 4087 845 4139 pag.
864 4069 925 4125 318.
