2924 4786
688 301 798 381 „338
821 339 865 346 -

243 480 484 566 Epimpthium
508 481 545 544 in
562 478 636 544 eod.
651 479 690 543 A.
709 479 936 543 subiuncturn
960 486 1009 542 est
1027 475 1166 542 fabulae
1183 476 1311 542 horum

243 594 412 672 quattuor
434 609 616 652 versuum:

241 711 295 790 43,
312 712 361 776 16.
399 714 569 792 περὶτῶν
594 715 738 777 σεαυτοῦ
763 710 973 793 πραγμάτων
998 709 1081 775 ὅταν
1104 712 1229 793 κρίνῃς,

396 818 505 903 μηὸὲν
527 816 666 901 βέβαιον
689 816 868 901 ὑπολάβῃς
891 817 1145 899 προγινώσκων,

397 923 535 1009 μηὸηθῦ)
560 924 633 991 αὖτ’
659 925 819 1008 ἀσογνῷς
841 924 921 1007 μηδ’
947 923 1152 1007 ἀσελσὶσῃς·
1179 923 1271 990 οὕτω

399 1032 611 1116 σφάλλουσιν
634 1034 725 1117 ἡμᾶς
748 1031 855 1097 tvtod’
881 1033 915 1096 αἱ
939 1029 1171 1114 πεσοιῦήσεις.

240 1156 338 1238 Quos
361 1179 480 1222 versus
511 1177 632 1222 omnes
666 1157 730 1222 tiri
761 1156 854 1221 docti
878 1157 1028 1241 exeeptis
1063 1154 1251 1234 nonnullis⁷
1289 1178 1306 1219 o

240 1262 371 1348 quibus
395 1264 582 1330 Lewisium
618 1262 722 1329 affere
753 1263 854 1329 liceat
879 1264 953 1348 (qui
976 1261 1063 1326 mihi
1086 1262 1230 1346 quidem
1265 1283 1306 1327 ex

240 1370 406 1436 omnibus
434 1369 504 1436 fore
529 1371 719 1437 editoribus
757 1372 795 1435 in
835 1369 1033 1456 epinqthiis
1074 1368 1306 1433 diiudicandis
1341 1418 1344 1425 .

240 1477 344 1561 longe
368 1479 518 1543 maxime
555 1499 667 1564 aequo
703 1485 808 1563 atque
833 1499 917 1542 sano
941 1477 1070 1542 iudicio
1095 1498 1179 1540 usus
1213 1475 1304 1541 nde-

239 1592 296 1650 tur
320 1589 405 1669 esse)
436 1606 499 1671 pro
524 1587 649 1671 spuriis
672 1584 881 1650 habuerunt.
941 1583 1056 1670 Atque
1085 1605 1236 1662 sensum,
1266 1591 1304 1648 ut

239 1692 339 1757 abeo
355 1693 573 1777 incipiamus
588 1692 770 1778 epimythii
786 1691 1067 1757 omnino-eadere
1084 1693 1121 1755 in
1137 1689 1302 1765 fabulam,

238 1800 302 1883 qui
325 1798 429 1862 nullis
454 1805 727 1884 praeoccupatus
752 1799 1013 1883 opinationibus
1048 1798 1139 1863 hano
1171 1795 1303 1862 affabu-

238 1904 406 1970 lationem
429 1907 643 1990 percurrerit,
669 1905 836 1971 ooneedat
860 1928 999 1971 neeesse
1030 1906 1101 1970 erit.
1153 1905 1302 1969 Demon-

238 2013 338 2077 strari
362 2013 455 2077 enirn
479 2012 626 2078 Babrius
649 2013 788 2078 volebat
812 2013 877 2078 hae
900 2011 1030 2092 fabula,
1054 2013 1149 2077 nesi
1173 2018 1302 2077 nostra-

238 2141 318 2184 rum
356 2121 512 2205 ipsorum
558 2142 674 2186 rerum
719 2121 890 2185 rationem
937 2120 1143 2185 duceremus
1188 2140 1302 2203 nequo

238 2224 380 2291 firmum
419 2227 614 2312 quidquam
659 2248 868 2313 poneremus
907 2248 1021 2313 neque
1068 2227 1138 2292 ulla
1182 2224 1224 2289 de
1266 2247 1302 2289 re

237 2331 508 2417 desperaremus,
535 2335 617 2418 quia
642 2333 878 2419 deciperemur
901 2354 1172 2421 nonnumquam
1195 2333 1302 2397 nimia

237 2441 364 2504 mentis
399 2439 598 2505 confisione.
658 2439 754 2522 Quae
790 2461 897 2525 quam
933 2449 1013 2527 apta
1049 2444 1127 2521 sint,
1151 2439 1302 2505 lectitata

180 2557 183 2563 ’
237 2546 452 2632 Hertzbergii
479 2548 762 2633 interpretatione
798 2546 954 2613 versibus
989 2549 1123 2614 inclusa
1158 2545 1301 2612 fortasse

236 2653 361 2719 melius
384 2655 609 2738 intellegitur:

280 2779 396 2844 Wenn
420 2779 468 2845 du
492 2781 529 2845 in
554 2779 681 2846 deinen
705 2781 851 2864 eigenen
875 2779 1011 2845 Saehen
1035 2780 1177 2857 urteilst,

281 2884 325 2949 So
357 2885 464 2952 dartst
494 2887 542 2952 du
565 2888 679 2952 niehts
702 2888 751 2950 im
774 2906 900 2951 voraus
923 2885 979 2952 fur
1002 2888 1124 2971 gewiss
1147 2884 1300 2951 nahmen

279 2991 377 3056 Nooh
402 2994 492 3058 auoh
516 2991 705 3059 verwerien
729 2992 803 3057 und
827 2992 882 3057 die
905 2992 1093 3079 Hoifnung
1116 2991 1299 3076 autgeben,

278 3097 331 3163 Da
355 3098 554 3163 manohmai
578 3121 645 3163 uns
670 3099 724 3164 die
750 3099 948 3164 Zurersioht
972 3103 1141 3167 tausehet.

341 3204 557 3271 Sententiam
580 3207 694 3291 igitur,
732 3229 839 3292 quarn
875 3209 1029 3273 continet
1054 3206 1296 3296 epimythium,

234 3319 352 3398 aptam
377 3336 450 3378 osse
475 3321 627 3399 apparet.
675 3313 797 3398 Neque
827 3335 908 3380 vero
932 3315 998 3380 hae
1023 3313 1065 3379 de
1090 3336 1194 3381 eausa
1230 3312 1298 3378 edi-

209 3427 323 3485 ·tores
347 3421 579 3507 epimythium
602 3422 794 3485 reiecerunt
819 3420 996 3504 (equidem
1032 3423 1126 3486 enirn
1161 3420 1297 3485 nullum

231 3527 351 3591 inveni
376 3529 603 3611 castigantem
629 3526 810 3613 epinrpthii
834 3549 976 3592 sensum
1001 3534 1123 3612 utpote
1159 3527 1297 3593 fabulae

232 3653 304 3696 non
352 3634 640 3718 accomodatum),
689 3634 750 3699 sed
797 3633 872 3699 aliis
911 3636 948 3699 in
987 3633 1091 3699 rebus
1136 3634 1299 3700 ridentur

231 3738 390 3805 haesisse.
450 3739 565 3825 Atque
590 3741 838 3808 Laehnrannus
869 3750 902 3807 et
927 3743 1068 3807 Crusius
1091 3763 1230 3806 versum
1256 3741 1297 3805 18

338 3951 383 4018 ¹⁰⁵)
403 3955 445 4006 sic
464 3961 542 4009 reete
563 3957 758 4009 emendarunt
778 3957 914 4008 Baiterus
939 3956 1059 4022 (collato
1078 3956 1136 4008 fab.
1158 3955 1191 4008 18
1211 3971 1297 4008 versu

229 4040 275 4107 25)
296 4047 326 4094 et
353 4043 561 4096 Lachmannus
589 4062 642 4111 pro
662 4045 726 4098 cod.
745 4046 770 4097 A
799 4045 958 4110 scriptura:
987 4046 1028 4111 μή
1056 4045 1079 4098 τ’
1100 4045 1138 4099 σύ
1165 4047 1298 4111 quoave,-

228 4130 270 4196 μὴ
289 4130 314 4184 ὁ’
336 4134 377 4186 ἀπ
397 4174 403 4186 .
424 4174 430 4187 .
451 4175 456 4187 .
493 4135 588 4187 Aliter
607 4135 805 4186 Pioeolosius:
829 4134 894 4200 μήτ’
919 4133 971 4188 οὖν
991 4135 1033 4188 ἀπ
1053 4175 1057 4185 .
1080 4174 1085 4188 .
1106 4176 1112 4188 .
1149 4134 1214 4201 μήτ’
1237 4175 1243 4188 .
1264 4175 1269 4188 .
1290 4174 1297 4187 .
