2924 4786
681 302 880 366 -120-

245 481 310 544 hoc
346 479 577 566 epimythium
617 479 690 544 eod.
728 479 766 544 A.
807 480 968 563 ignotum
1003 486 1064 558 est,
1104 482 1203 563 cuius
1238 481 1314 546 loco

246 587 412 652 exhibent
443 586 674 673 epimythium
704 585 750 665 id,
788 586 885 670 quod
913 585 1027 651 solum
1062 594 1153 653 recte
1184 610 1226 652 ex
1249 587 1314 652 hac

156 728 166 745 =·
247 692 364 759 tabula
388 694 497 779 possit
528 693 624 759 duci:
662 695 774 776 νούσῳ
806 697 855 776 νῷ
884 692 976 777 λόγῳ
1008 695 1162 777 χρήσαιτ’
1199 693 1242 759 ἄν
1265 710 1338 776 σνς’

246 801 333 882 πρὸς
356 801 506 882 ἐκείνους
529 805 600 866 σῶν
631 799 841 881 ἀνθρώπων,
879 801 1002 882 οἵτινες
1024 800 1067 865 σὰ
1100 801 1164 883 μὲν
1184 801 1316 884 χρηστὰ

247 912 370 992 σαφῶς
386 906 664 989 ἐπαγγέλλοντος,
687 905 767 989 ἔργα
784 905 820 971 δὲ
838 907 955 990 φαῦλα
972 906 1098 989 ὁρῶσιν
1115 906 1169 991 (ci.
1189 906 1316 993 Corays

248 1035 323 1099 pag.
350 1014 414 1097 70).
462 1012 561 1078 Idem
591 1011 660 1078 fere
686 1014 916 1098 epimythium
951 1013 1077 1097 legitur
1107 1015 1143 1078 in
1179 1013 1316 1079 duabus

247 1121 322 1186 aliis
364 1119 460 1206 apud
495 1120 694 1185 Coraesium
741 1119 1011 1206 paraphrasibus
1070 1120 1123 1204 (cf.
1160 1142 1236 1207 pag.
1274 1121 1317 1184 (lt)

248 1235 282 1292 et
317 1227 406 1310 329.)
442 1234 476 1291 et
510 1228 548 1291 iu
582 1227 784 1313 paraphrasi
813 1226 1020 1310 Augustana
1056 1249 1076 1291 a
1108 1227 1316 1292 Schneidero

249 1334 341 1399 edita
366 1331 419 1416 (cf.
445 1355 522 1419 pag.
544 1334 606 1417 13).
656 1333 818 1399 Similiter
838 1335 942 1400 etiam
958 1334 1110 1419 pedestri
1127 1333 1316 1421 epimythio

250 1441 323 1505 eod.
350 1440 390 1519 A,
415 1440 501 1525 quid
526 1440 591 1505 sibi
614 1440 697 1505 velit
720 1438 850 1520 fabula,
875 1440 1079 1525 explicatur:
1110 1441 1276 1523 εὐκαίρως
1299 1441 1318 1505 ὁ

247 1547 363 1631 μῦθος
404 1546 593 1630 ῥηθήσεται
634 1547 721 1628 πρὸς
766 1548 916 1629 ἐκείνους
963 1548 1044 1630 σούς
1086 1546 1217 1630 χρηστὰ
1255 1547 1318 1630 μὲν

249 1654 570 1737 ἐπαγγελλομένους,
596 1653 694 1719 δόλια
719 1652 754 1718 δὲ
779 1656 835 1719 καὶ
864 1653 981 1738 φαῦλα
1005 1652 1317 1737 ἐργαζομένουςὲθῑ)

253 1761 389 1826 Summi
403 1781 484 1826 vero
500 1761 669 1826 momenti
687 1768 747 1839 est,
774 1760 930 1845 quodne
947 1761 1159 1827 Bodleianae
1176 1760 1318 1845 quidem

253 1868 471 1954 paraphrasis
510 1869 662 1953 scriptor,
710 1869 771 1953 qui
809 1869 846 1932 in
886 1869 1005 1933 ceteris
1044 1867 1113 1933 lere
1157 1867 1320 1933 omnibus

253 1975 451 2059 epimythiis
486 1975 642 2040 versibus
676 1975 819 2040 inclusis
855 1997 934 2040 cum
971 1975 1045 2039 cod.
1071 1975 1110 2039 A.
1148 1974 1319 2051 convenit,

252 2081 318 2146 hoo
343 2080 572 2166 cpimythium
597 2080 665 2148 fab.
693 2082 735 2146 50
760 2089 839 2146 ante
864 2081 983 2146 oculos
1006 2081 1140 2161 habuit,
1165 2081 1201 2146 id
1226 2079 1321 2165 quod

253 2211 295 2252 ex
339 2188 538 2274 promythio
589 2190 807 2273 cognoscitur
852 2187 991 2253 tabulae
1038 2189 1074 2252 in
1120 2187 1322 2274 paraphrasi

260 2294 446 2360 Bodleiana
462 2297 664 2380 praemisso:
691 2294 743 2360 ὅτι
759 2297 790 2360 οἱ
806 2300 877 2360 σῶν
892 2295 1051 2361 κολάκων
1071 2295 1166 2377 λόγον
1181 2293 1323 2359 πιθανοὶ

256 2404 319 2485 μέν
354 2403 445 2481 εἰσιν,
482 2403 514 2466 οἱ
549 2401 584 2465 δὲ
620 2392 742 2482 κρόκον
766 2400 894 2466 σκολιοὶ
939 2403 995 2465 κάὶ
1035 2401 1138 2466 ὁόλου
1173 2401 1321 2485 πλήρεις.

257 2510 354 2590 Quae
379 2529 459 2572 cum
482 2508 530 2573 ita
554 2508 632 2587 sint,
668 2505 743 2572 lieri
772 2528 844 2572 non
875 2515 997 2593 potest,
1030 2515 1069 2573 ut
1093 2507 1321 2594 epimythium

261 2616 383 2681 ilabrio
406 2615 560 2681 tribuam
585 2622 618 2681 et
634 2621 744 2680 metro
762 2621 962 2700 suspectum
986 2614 1042 2699 (ἄν
1058 2617 1137 2698 agl)
1163 2620 1196 2679 et
1220 2635 1323 2679 sensu

258 2723 523 2809 ineptissimum,
574 2724 690 2809 potius
737 2743 799 2787 suo
843 2723 916 2786 iuro
955 2723 1046 2787 uros
1092 2721 1211 2785 doctos
1249 2740 1324 2804 pro-

259 2829 489 2915 scripsisse‘20'2)
535 2828 768 2894 lliunaveu'm.

259 2935 328 3001 lab.
355 2937 406 3000 71.

260 3041 417 3127 Agricola
441 3064 567 3106 navem
591 3062 685 3105 mare
709 3039 961 3123 ingredientem
985 3039 1109 3105 ridens
1133 3040 1250 3105 nautis
1276 3061 1326 3103 re-

259 3149 383 3215 fertam
408 3146 645 3213 crudelitatem
671 3147 833 3212 elementi
862 3153 1010 3212 accusat.
1051 3145 1162 3228 Quem
1181 3145 1327 3211 audiens

260 3277 353 3320 marc
378 3253 539 3318 muliebri
562 3275 645 3320 voco
669 3253 871 3340 respondet:
909 3256 963 3319 ‘ne
999 3275 1054 3318 me
1091 3252 1325 3317 calumnieris:

261 3383 333 3426 non
354 3381 417 3444 ego
443 3360 503 3425 sed
519 3363 624 3440 venti,
650 3361 779 3446 quibus
803 3360 847 3423 ab
872 3361 969 3423 omni
991 3367 1088 3445 parte
1108 3360 1222 3424 cincta
1239 3379 1327 3436 sum,

261 3489 366 3534 rausa
390 3468 544 3534 existunt
566 3467 753 3541 malorum3
779 3466 852 3529 sine
877 3467 989 3531 ventis
1006 3466 1124 3550 quieta
1141 3467 1252 3550 magis
1267 3472 1328 3531 tua

261 3575 404 3640 tellure)
1312 3579 1315 3586 '

266 3682 503 3767 llpimythium
528 3679 601 3746 cod.
627 3680 672 3744 A:

369 3858 417 3929 ¹³⁰1)
437 3860 473 3911 cf.
494 3859 624 3925 Maehlyi
644 3874 749 3911 comm.
769 3873 834 3924 pag.
854 3854 914 3908 321.

369 3947 413 4018 ²⁰2)
435 3948 682 4001 abiudicaverunt
700 3951 800 3999 autem
819 3961 836 3996 a
854 3944 963 3995 Bebrio
983 3945 1039 3996 hoc
1055 3944 1252 4010 epimythium
1271 3960 1332 3996 una

264 4041 325 4091 fere
345 4055 431 4103 v0ee3
462 4053 499 4090 nc
518 4037 648 4090 Weisius
668 4035 797 4102 quidem,
827 4033 878 4098 qui
898 4031 985 4084 valde
1004 4032 1132 4084 indulsit
1150 4033 1332 4100 epimythiis‚

264 4127 394 4180 retinuit,
