2924 4786
644 264 822 328 -50..

199 446 307 512 ratius
329 445 400 509 iarn
424 442 560 522 fecerat,
584 441 672 507 nihil
694 442 732 506 in
747 442 813 507 hoc
831 439 1064 528 epimythioffl)
1081 442 1153 521 erit,
1173 442 1276 527 quod

200 576 220 619 a
243 552 369 618 Babrio
394 550 547 617 alienum
571 549 623 614 sit.

201 677 268 743 lab.
294 676 346 742 36.

201 784 385 866 'Quercum
408 784 586 866 ingentem
610 788 736 847 ventus
761 802 841 846 cunr
864 780 1040 846 radicibus
1056 780 1216 847 evulsam
1231 783 1273 847 in

200 912 340 956 amnem
363 890 561 975 proiecerat.
609 888 651 952 In
691 909 732 953 eo
757 887 842 952 dum
865 887 1024 966 vehitur,
1057 887 1273 956 arundinem

199 999 344 1063 miratur
366 1004 508 1062 tenuem
533 1002 567 1061 et
594 993 751 1079 fragilem
781 1001 870 1060 stare
898 1002 1038 1074 rectam,
1074 1016 1155 1060 cum
1190 997 1278 1082 ipsa.

198 1114 269 1171 tarn
283 1111 381 1169 vasta
397 1110 431 1168 et
446 1101 547 1167 firma
563 1100 667 1167 luerit
683 1101 863 1168 eradicata.
893 1101 1095 1188 Respondet
1112 1103 1271 1171 arundo:

199 1212 277 1277 Noli
293 1211 417 1276 mirari.
465 1210 519 1275 Tu
535 1231 698 1295 pugnans
722 1231 803 1274 cum
826 1209 939 1275 ventis
955 1208 1158 1295 potentibus
1173 1211 1277 1283 victa.

199 1342 250 1398 es;
276 1339 340 1383 uos
356 1317 453 1383 molli
468 1317 608 1400 ingenio
625 1316 742 1382 statim
766 1315 942 1381 cedimus)

198 1425 448 1512 Epimythium,
474 1423 570 1509 quod
592 1424 630 1487 in
654 1422 728 1487 cod.
753 1422 792 1487 Α.
818 1423 959 1506 legitur:

198 1552 250 1631 36,
266 1552 316 1616 13.
353 1549 509 1632 κάλαμος
530 1548 594 1631 μεν
619 1546 744 1628 οὕτως·
772 1547 790 1612 ὁ
815 1548 852 1613 de'
874 1571 910 1631 γε
932 1548 1048 1632 μῦθος
1071 1550 1232 1634 ἐμφαίνει

353 1659 401 1741 μὴ
427 1656 499 1721 δεῖν
521 1653 693 1739 μάχεσθαι
718 1661 791 1736 τοῖς
807 1660 992 1738 κρατοῦσιν
1015 1656 1089 1723 ἀλλ’
1115 1657 1227 1723 εἴκειν.

197 1806 275 1850 rere
300 1782 514 1848 Babrianum
550 1802 623 1845 esse
647 1780 705 1845 vix
736 1801 825 1866 opus
856 1788 907 1846 est
930 1803 1081 1847 monere.
1128 1781 1275 1851 Decent-

196 1882 333 1956 versus
351 1890 480 1976 optime
516 1895 701 1967 currentes
727 1887 827 1954 docet
852 1909 963 1952 sermo
988 1889 1134 1975 simplex
1157 1895 1268 1976 atque

198 1999 360 2075 sincerus
397 1996 497 2062 docet
532 1996 704 2062 sententia
739 1993 842 2080 plane
878 1993 1005 2061 cadens
1035 1997 1072 2060 in
1095 1994 1264 2064 fabulam.

196 2107 320 2191 ltaque
348 2105 422 2190 ipse
447 2103 588 2169 Crusius
611 2101 722 2168 lacere
748 2123 820 2166 non
843 2103 968 2188 potuit,
994 2105 1080 2188 quin
1103 2103 1170 2168 hoc
1194 2107 1266 2190 epi-

196 2213 371 2297 mythium
388 2234 430 2276 ex
444 2212 486 2275 iis
503 2231 576 2274 esse
594 2208 807 2288 concederet,
826 2208 868 2274 de
889 2230 1040 2294 quorum
1059 2211 1271 2279 auctoritate

196 2320 254 2384 vix
278 2317 429 2382 dubitari
452 2323 577 2403 posset.
624 2315 833 2382 Duebnerus
857 2337 948 2395 vere,
974 2317 1035 2402 qui
1057 2319 1195 2383 ‘versus'
1211 2318 1264 2383 in·

197 2426 272 2511 quit
308 2428 397 2510 (pag.
434 2424 489 2507 40)
527 2423 579 2486 ‘13
616 2429 649 2487 et
682 2423 820 2486 1411011
843 2422 1006 2488 videntur
1030 2446 1103 2489 esse
1127 2423 1262 2490 Babrii:

197 2531 428 2618 epimythium
457 2529 555 2596 haud
578 2531 821 2608 necessarium,
847 2530 946 2594 cuius
969 2529 1045 2595 loco
1070 2531 1205 2597 diversa
1229 2539 1269 2598 et-

196 2639 239 2704 ab
275 2640 341 2704 hoc
377 2645 410 2702 et
439 2639 530 2703 inter
554 2658 589 2702 se
613 2636 745 2702 habent
768 2638 1017 2723 paraphrases,
1042 2659 1157 2723 neque
1180 2639 1263 2704 viris

197 2746 306 2811 doctis
322 2745 458 2810 ridetur
474 2745 693 2831 persuasisse,
712 2765 800 2829 quos
812 2742 882 2809 lere
896 2765 1017 2809 omnes
1031 2744 1263 2830 epimythium

196 2854 232 2916 in
255 2860 353 2917 textu
376 2853 558 2917 retinuisse
581 2851 709 2929 videas,
735 2872 850 2935 neque
873 2850 960 2915 mihi
983 2853 1162 2936 persuasit.
1203 2852 1274 2919 At

196 2982 264 3044 que
299 2959 452 3042 primum
488 2956 594 3022 ‘haud
623 2957 866 3021 necessarium'
895 2956 1079 3023 ridebatur
1101 2959 1168 3024 hoc
1193 2962 1261 3046 epi-

195 3064 369 3151 mythium
392 3063 589 3142 Duebnem,
614 3083 687 3127 non
711 3061 848 3143 Bebrio,
870 3085 976 3149 quern
993 3072 1027 3130 et
1043 3064 1117 3131 aliis
1134 3064 1262 3133 fabulis
1296 3089 1300 3095 ·

196 3175 277 3239 satis
301 3170 491 3256 perspicuis
515 3170 674 3235 videmus
699 3170 919 3236 subiunxisse
945 3172 1144 3257 epimythia,
1170 3197 1261 3260 quae

195 3278 348 3364 genuina
383 3299 456 3342 esse
492 3277 816 3343 demonstravimus.
874 3279 1010 3344 Deinde
1034 3280 1266 3366 paraphrases-

195 3389 224 3451 si
239 3386 454 3473 percmreris,
478 3386 668 3471 epinrythia
690 3385 772 3451 huic
797 3386 971 3452 simillima
991 3409 1064 3452 esse
1082 3388 1258 3454 concedes.

196 3491 360 3557 Conferas
385 3492 616 3578 epimythium
640 3492 860 3579 paraphrasis
890 3493 1117 3559 Bodleianae:
1144 3494 1196 3561 ὅτι
1220 3496 1260 3562 οὐ

195 3597 248 3663 ὁεῐ
284 3598 517 3665 ἀνθίστασθαι
555 3607 629 3682 τοῖς
666 3605 848 3681 κρατοῦσιν
883 3600 1033 3684 ἐνδόξοις
1067 3601 1142 3667 ἀλλ’
1177 3603 1261 3668 ὑσο-

194 3706 382 3772 τάσσεσῦσι
405 3708 460 3772 καὶ
483 3708 640 3788 ὑπείκειν,
662 3706 817 3773 conferas
835 3707 980 3773 aliarum
996 3707 1260 3793 paraphrasium

194 3820 232 3878 ut
271 3814 314 3878 H.
357 3814 436 3878 179:
478 3813 540 3879 ‘dre
579 3815 619 3881 οὐ
651 3816 704 3881 δεῖ
726 3814 959 3881 ἀνθίστασθαι
982 3821 1055 3896 τοῖς
1078 3820 1266 3896 κρατοῦσιν·

299 4008 333 4075 93)
353 4011 461 4077 legitur
480 4012 571 4064 etiam
598 4013 630 4064 in
659 4011 833 4078 paraphrasi
851 4011 937 4064 Bodl.
966 4027 1030 4078 pag.
1061 4010 1093 4063 13
1122 4016 1152 4063 et
1180 4011 1261 4078 apud

192 4099 364 4150 i'oraesium
383 4117 447 4168 pag.
469 4100 528 4155 177.
