2924 4786
640 288 813 352 „32..

299 467 352 530 En
387 464 482 531 locos
517 486 639 530 omnes
669 487 711 529 ex
745 466 888 549 integris
911 463 1041 530 fabulis
1071 476 1261 552 excerptae,

192 573 254 656 qui
278 572 475 657 spondeum
498 574 535 637 in
559 573 684 658 quinta
707 572 932 637 versus-sede
955 572 1096 639 habent.
1133 574 1162 638 E
1187 576 1263 658 qui-

194 679 260 744 bus
284 700 501 764 quamquam
535 677 724 742 nonnullos
753 677 892 744 librario
920 679 1027 745 tribui
1053 702 1154 766 posse
1182 701 1262 745 con-

193 784 289 863 cedo,
314 806 387 850 non
403 792 535 870 poetae,
560 792 678 850 tamen
700 792 913 850 commutare
931 787 1080 872 optimas
1096 785 1263 853 lectiones

194 893 301 957 voluti
331 890 476 974 ἐγενήθη
497 890 637 974 χαλκείη
668 893 832 976 (prooem.
857 893 883 972 Ι,
897 893 940 977 3),
972 894 1072 976 ἡμῶν
1095 892 1263 959 Αἰσώπου

193 1010 359 1084 (prooem.
391 998 417 1076 l,
450 998 514 1081 15),
538 997 748 1082 ἠλσφρύνθη
773 1000 860 1082 (111,
885 1000 929 1084 6),
951 1004 1062 1082 χρυσᾶ
1085 1002 1266 1083 τικτούσης

194 1105 340 1188 (1231),
364 1103 608 1187 peristromata
631 1109 744 1171 πίστιν
767 1106 832 1189 (93,
846 1108 880 1190 4)
911 1127 982 1172 una
1007 1107 1049 1172 de
1074 1127 1186 1184 causa,
1224 1116 1264 1173 ut

195 1212 392 1298 spondeum
430 1209 553 1294 fugias,
594 1211 691 1277 nullo
730 1213 836 1279 modo
874 1213 963 1279 licet.
1018 1214 1123 1279 Recte
1159 1213 1265 1296 igitur

194 1318 443 1384 Lachmannus
477 1317 595 1402 legum
631 1320 712 1385 artis
731 1322 909 1386 >metricae
944 1321 1171 1405 peritissimus
1206 1319 1265 1385 ille

196 1426 384 1512 ‘spondeo’
420 1423 590 1510 inquit,⁶³)
622 1426 669 1491 ‘in
698 1428 858 1511 quintam
894 1426 1012 1495 sedern
1047 1426 1265 1492 admittendo

196 1535 283 1619 quin
307 1532 516 1618 aliquotiens
540 1531 585 1596 ad
609 1534 931 1619 antiquissimorum
955 1542 1136 1599 auctorum
1160 1554 1264 1598 usum

195 1639 305 1704 redire
321 1638 469 1704 voluerit
486 1637 664 1723 [Babrius],
684 1639 835 1707 dubitari
849 1661 922 1705 non
939 1643 1073 1724 potest’
1097 1640 1266 1726 Exempla

197 1744 323 1811 deinde
348 1745 504 1824 contulit,
530 1767 547 1809 e
572 1746 700 1830 quibus
724 1769 796 1813 non
820 1746 934 1812 solum
957 1745 1181 1832 polysyllabis
1204 1747 1264 1811 sed

197 1857 303 1921 ctiam
325 1851 510 1940 trisyllabis
540 1852 578 1916 in
602 1844 754 1919 extremo
777 1876 879 1919 versu
913 1853 1034 1939 positis
1070 1853 1266 1938 spondeum

198 1963 322 2048 quinto
361 1961 443 2047 pedi
478 1957 645 2023 Babrium
678 1961 863 2026 inseruisse
899 1942 1117 2045 appareatjffl)
1169 1959 1265 2041 Quae

199 2091 281 2135 curn
303 2069 352 2134 ita
376 2068 455 2144 sint,
481 2086 554 2130 non
577 2065 688 2147 video,
725 2090 786 2133 cur
808 2069 846 2132 in
870 2064 1033 2153 spondeo
1048 2065 1108 2131 illo
1144 2067 1267 2132 ἐκεῖνοι

197 2178 325 2260 μισήσῃ
349 2171 518 2252 offendas,
544 2179 649 2258 atque
683 2175 789 2239 miror
822 2173 1135 2251 vehementissime,
1171 2172 1267 2257 quod

199 2282 451 2348 Lachmannus
473 2279 513 2359 ia,
539 2280 601 2363 qui
624 2280 798 2365 spondeos
823 2279 897 2346 ἀλλ’
921 2279 1150 2364 ἢὸεσμώτην,
1167 2281 1267 2364 ἡμῶν

201 2390 377 2467 Αἰσώπου,
392 2390 503 2471 χρυσᾶ
519 2388 708 2470 τικτούσης,
726 2386 853 2451 similes
876 2386 973 2451 nulla
990 2386 1207 2452 dubitatione
1230 2386 1267 2450 in

200 2501 368 2562 contextu
402 2493 553 2571 retinuit,
589 2494 628 2558 in
652 2493 807 2579 spondeo
841 2492 900 2559 illo
936 2493 1111 2558 simillimo
1146 2494 1269 2558 ἐκεῖνοι

199 2599 368 2686 μισήσῃθῦ)
392 2601 512 2665 haesit.
560 2599 708 2666 Versum
742 2600 847 2683 igitur
880 2599 986 2664 huius
1021 2600 1203 2687 epimythii
1227 2599 1268 2663 13

199 2783 302 2835 τέκνον
321 2780 414 2842 σώσει,
433 2777 504 2845 834
524 2777 728 2847 ἐβλασφήμεις,
748 2778 791 2845 95,
801 2777 836 2832 23
855 2796 893 2846 με
912 2776 1024 2848 ζητήσῃ,
1039 2775 1237 2848 107,15ἀντιζ
1260 2807 1270 2815 -

201 2867 396 2936 10110ος11110,
417 2883 492 2933 quae
512 2884 601 2934 supra
611 2884 675 2935 pag.
687 2866 721 2920 31
734 2867 820 2920 attuli
839 2865 993 2934 exemplis,
1013 2883 1074 2921 non
1094 2866 1268 2920 addiderim.

202 2961 293 3011 Recte
322 2956 403 3008 enim
432 2956 568 3009 Orusius:
598 2957 638 3008 ‘in
659 2957 799 3023 censum',
827 2956 933 3023 inquit,
959 2956 1028 3008 ‘non
1047 2955 1180 3020 veniunt,
1200 2969 1271 3006 nam

203 3053 272 3100 ante
293 3043 454 3116 =&litteram
474 3049 503 3097 et
521 3045 637 3098 medias
662 3062 729 3097 curn
757 3045 881 3111 liquidis
910 3045 1085 3098 coniunctas
1113 3046 1202 3110 poeta
1220 3057 1270 3094 vo-

203 3139 283 3189 cales
321 3133 473 3186 interdum
506 3135 665 3201 corripuit)
716 3134 751 3187 cf.
784 3135 875 3188 etiam
907 3135 1100 3187 Duebnerum
1130 3148 1195 3199 pag.
1227 3130 1270 3197 21,

203 3222 417 3278 Schneiderum
436 3239 501 3291 pag.
521 3222 581 3290 537,
610 3224 770 3276 Lewisium
788 3226 879 3291 praef.
905 3240 971 3291 pag.
990 3224 1072 3289 XIX,
1100 3220 1271 3287 Machlyum

203 3331 269 3382 pag.
288 3312 349 3379 317,
367 3312 584 3365 Eberhardium
603 3314 666 3366 obs.
685 3314 772 3367 Babr.
791 3330 856 3380 pag.
877 3311 919 3366 11.

310 3399 345 3470 63)
367 3400 402 3456 cf.
423 3401 493 3455 edit.
513 3402 603 3468 praef.
623 3418 689 3469 pag.
708 3403 789 3454 XIII.

311 3488 345 3556 ⁶²)
374 3491 512 3544 similiter
542 3492 603 3543 fere
635 3495 723 3557 atque
754 3492 963 3544 Lachmannus
995 3490 1084 3541 Ficus
1112 3505 1177 3556 pag.
1206 3485 1271 3550 842,

204 3580 315 3633 deinde
335 3581 470 3633 conferas
489 3597 555 3647 pag.
574 3577 635 3645 816,
668 3581 721 3633 ubi
739 3582 827 3633 Ficus
856 3581 947 3633 etiam
975 3575 1272 3644 choliambographos

206 3670 344 3736 Graecos,
365 3671 416 3735 qui
436 3674 505 3722 ante
524 3669 667 3721 Babrium
687 3675 794 3736 essent,
814 3671 1035 3736 Hipponactem
1064 3672 1094 3720 et
1112 3664 1272 3728 Ananium,

205 3759 373 3827 spondeum
392 3760 424 3811 in
443 3760 549 3825 quint-a
568 3757 638 3811 sede
659 3758 815 3814 admisisse
840 3758 987 3826 exposuit.
1017 3788 1050 3794 —
1077 3754 1153 3807 Vide
1183 3753 1273 3806 etiam

206 3848 422 3902 Schneidewin.
442 3866 469 3916 p.
491 3847 532 3915 17,
562 3847 593 3902 (t
613 3849 658 3900 Fr.
679 3851 840 3901 Hermann.
854 3865 882 3914 p.
893 3845 954 3911 819,
975 3843 1145 3898 Schneider.
1164 3861 1193 3910 p.
1213 3839 1273 3907 537,

205 3939 312 4006 Bergk.
331 3955 359 4005 p.
379 3938 439 4005 535,
460 3938 567 3992 Christ.
587 3943 670 3992 metr.
689 3955 717 4005 p.
737 3937 799 3992 362.

314 4024 348 4092 ⁶⁵)
368 4027 436 4081 fieri
464 4044 524 4079 non
553 4031 659 4094 potest,
688 4032 721 4081 ut
749 4025 876 4094 spondei
902 4025 983 4077 illius
1002 4022 1119 4076 vitandi
1139 4038 1227 4074 causa
1247 4038 1273 4074 οι

207 4114 394 4184 diphthonga
421 4118 537 4185 syllaba
564 4117 621 4170 hoc
648 4118 714 4170 loco
744 4115 926 4182 corripiatur,
955 4111 987 4164 id
1015 4110 1096 4177 quod
1124 4111 1215 4164 etiam
1242 4111 1274 4161 in
